4636 5940
1222 350 1277 441 32

460 552 602 627 bellum
627 549 790 651 flagravit
810 550 972 637 sacrum,
1003 569 1079 648 quo
1104 546 1247 648 turpius
1274 542 1534 646 crudeliusque
1560 543 1703 618 nullum
1719 560 1883 648 unquam
1901 564 2041 648 gestum

463 695 534 768 est,
571 674 748 779 quodque
780 676 923 749 ruinam
953 669 1165 748 iamdudum
1199 667 1376 745 Graeciae
1406 674 1601 745 instantem
1634 670 1871 746 accelerabat.
1926 673 2042 748 Athe·

461 808 605 878 nienses
632 819 669 876 et
694 797 977 877 Lacedaemonii
1002 798 1073 872 soli
1102 823 1146 872 ex
1175 799 1346 872 omnibus
1368 794 1519 872 Graecis
1547 823 1567 871 a
1594 798 1760 900 partibus
1784 797 2044 901 sacrilegorum

462 933 617 1006 stabant.
635 930 726 1026 (¹²⁷)
778 928 930 1002 Interim
956 923 1150 1027 Philippus
1181 950 1201 998 e
1228 922 1384 999 dissidiis
1412 921 1640 999 Graecorum
1665 949 1772 999 suum
1799 924 1958 1001 fructum
1984 953 2042 1001 ca·

462 1062 566 1160 piens
592 1052 818 1159 pedetentim
847 1055 1051 1155 potentiam
1077 1048 1171 1125 adeo
1193 1047 1369 1143 extendit,
1397 1067 1439 1125 ut
1457 1050 1558 1125 bello
1580 1050 1653 1126 hoc
1671 1049 1778 1126 finito
1797 1054 2044 1155 principatum

462 1189 651 1258 universae
679 1179 855 1256 Graeciae
886 1178 996 1281 plane
1023 1195 1117 1253 esset
1141 1193 1338 1253 assecutus.
1394 1175 1669 1254 Ol.106.3·d.
1699 1203 1732 1252 a.
1754 1178 1936 1253 354-353
1962 1180 2043 1254 Me·

462 1310 616 1384 thonem
648 1324 791 1411 captam
823 1304 954 1397 diruit,
991 1302 1143 1406 Pagasas
1173 1308 1212 1379 in
1245 1330 1347 1379 suam
1380 1302 1558 1379 ditionem
1584 1303 1736 1407 redegit.
1753 1306 1843 1403 (¹²⁸)
1895 1305 2043 1380 Deinde

432 1518 438 1531 ,
462 1439 572 1510 rebus
598 1433 814 1509 Thessaliae.
836 1435 1063 1535 compositis,
1092 1447 1134 1506 ut
1153 1428 1362 1506 Phocenses
1382 1429 1585 1506 debellaret
1603 1430 1647 1505 ad
1670 1431 1938 1537 Thermopylas
1956 1459 2043 1537 pro·

463 1726 524 1788 355
546 1728 740 1807 patrocinatus
763 1739 807 1787 est
827 1726 858 1786 iu
880 1727 946 1809 lege
968 1726 1006 1787 de
1026 1723 1170 1785 abolenda
1191 1724 1369 1785 immunitate
1390 1725 1518 1804 quamvis
1539 1724 1602 1806 ipse
1623 1724 1672 1785 illa
1685 1725 1831 1805 praeditus
1845 1740 1929 1788 esset.
1957 1728 2043 1788 Dem.

463 1827 549 1908 Lept.
573 1824 736 1907 pso-tat.
764 1826 802 1888 es.
824 1826 894 1908 Ulp.
916 1824 1008 1887 schol.
1036 1823 1071 1884 ad
1093 1824 1236 1906 psusss.
1259 1823 1499 1896 01.107.1;350
1520 1823 1719 1901 Philonicum,
1745 1823 1852 1886 Eubuli
1877 1828 1988 1888 socium
2014 1828 2044 1888 in

463 1929 506 1987 ius
528 1929 658 2002 vocavit,
685 1925 826 2007 simulque
852 1928 940 2010 ipsius
961 1924 1067 1986 Eubuli
1094 1924 1223 1986 facinora
1244 1925 1400 1986 accusavit:
1426 1925 1512 1986 Dem.
1534 1947 1655 2010 ταρατρ.
1674 1938 1705 2007 p.
1713 1923 1826 1986 tuder
1858 1926 1895 1986 cs.
1917 1928 1988 2009 Ulp.
2010 1928 2045 1986 ad

464 2026 492 2085 b.
511 2029 529 2086 Ι.
578 2026 768 2088 Adversarius
795 2025 924 2109 Philippi
951 2026 1029 2110 regis
1056 2025 1144 2086 multa
1165 2024 1237 2087 fecit
1258 2025 1375 2087 decreta
1402 2036 1432 2086 et
1456 2025 1589 2087 societati
1616 2023 1822 2086 Thebanorum
1848 2025 1930 2087 favit:
1957 2028 2044 2087 Dem.

465 2127 502 2188 de
524 2148 585 2188 cor.
607 2126 712 2199 aas&
732 2125 837 2200 usus
858 2127 986 2189 281.18.
1014 2125 1119 2188 Aescb.
1141 2127 1172 2186 iu
1194 2124 1273 2188 Ctes.
1299 2123 1443 2208 p.73.23.
1487 2125 1580 2186 Multo
1601 2137 1685 2186 antea
1705 2126 1896 2208 Hegesandro
1917 2127 2045 2208 impudi-

464 2228 560 2288 citiam
582 2227 821 2307 exprobraverat:
843 2226 949 2288 Aesch.
971 2227 1002 2286 in
1023 2227 1101 2286 Tim.
1124 2248 1153 2306 p.
1161 2224 1246 2286 aad.
1288 2224 1369 2301 Alio,
1391 2224 1470 2305 quod
1492 2224 1606 2285 definiri
1628 2226 1738 2304 nequit,
1759 2239 1893 2307 tempore
1915 2226 2046 2289 adsessor

464 2339 526 2387 erat
546 2323 718 2387 Archontis:
746 2325 782 2385 A.
805 2328 835 2386 in
857 2326 935 2386 Tim.
957 2323 1100 2408 p.22.34.
1143 2324 1254 2385 Videre
1276 2323 1347 2385 lieet
1366 2345 1401 2385 ex
1421 2323 1476 2399 his,
1502 2323 1626 2385 alacrem
1648 2324 1734 2386 fuisse
1753 2324 1995 2408 Aristophontem
2015 2328 2045 2386 in

463 2426 549 2487 rebus
570 2425 720 2509 gerendis:
749 2437 780 2487 et
801 2447 885 2487 verus
907 2425 964 2486 dux
984 2424 1086 2508 populi
1108 2423 1171 2499 brit,
1192 2424 1242 2505 qui
1263 2423 1325 2505 ipse
1346 2423 1525 2507 gloriabatur
1545 2445 1577 2485 se
1597 2427 1760 2509 septuagies
1781 2427 1932 2507 quinquies
1954 2451 2047 2511 repa·

463 2521 551 2596 νόμιον
572 2539 733 2585 accusatum
754 2524 840 2586 fuisse
862 2523 982 2602 (Aesch.
1004 2526 1035 2584 in
1057 2522 1137 2584 Ctes.
1160 2545 1189 2603 p.
1197 2523 1328 2599 81.39.).
1362 2522 1597 2602 Concessumque
1619 2525 1646 2584 ei
1668 2525 1754 2586 fuisse
1776 2546 1792 2586 a
1813 2527 1924 2606 populo
1946 2527 2045 2588 dicere

464 2639 494 2687 et
515 2625 593 2686 ferre
615 2623 756 2704 quidquid
776 2624 876 2697 vellet,
898 2622 1064 2703 Hyperides
1086 2621 1157 2682 dixit
1177 2621 1208 2680 in
1230 2632 1302 2681 orat
1324 2621 1388 2680 adv.
1402 2620 1655 2701 Aristophontem,
1676 2623 1775 2684 Schol.
1794 2625 1825 2683 in
1844 2625 1918 2685 Plat.
1933 2625 2045 2708 Theag.

464 2749 493 2806 p.
506 2724 576 2784 384.
600 2724 646 2782 ed.
669 2725 738 2781 Bels.
781 2721 925 2781 Eubulum
946 2721 974 2780 ei
996 2719 1189 2780 adversarium
1210 2718 1297 2780 fuisse
1319 2718 1575 2800 promptissimum,
1597 2719 1683 2780 etiam
1704 2719 1792 2783 verba
1813 2723 1900 2785 Dem.
1923 2725 1959 2785 de
1982 2745 2044 2786 cor.

464 2822 558 2905 p.⁴281
575 2821 623 2879 fin.
645 2832 797 2880 testantur:
817 2818 1032 2904 Ἀριστοφῶντα
1052 2811 1100 2876 καὶ
1120 2811 1207 2877 πάλιν
1227 2808 1378 2884 Εὔβουλον
1399 2849 1439 2865 ·-
1459 2811 1522 2904 περὶ
1542 2824 1596 2879 τῶν
1617 2811 1713 2880 άλλων
1726 2815 1865 2887 πολλάκις
1884 2818 2046 2903 ἀντιλέγον-

464 2946 517 2983 τας
537 2921 645 2981 ἑαυτοῖς
666 2921 705 2981 εἷς
726 2916 816 2979 τοῦθ’
838 2918 1103 2996 ὁμογνωμονοῦντας
1123 2911 1170 2975 cisi
1193 2917 1245 2996 (de
1266 2919 1406 2983 societate
1433 2941 1498 2980 cum
1520 2918 1666 2982 Thebanis
1687 2922 1836 3001 ineunda).
1879 2925 1974 2987 Etiam
1995 2926 2045 2988 ille

465 3028 514 3105 qui
543 3034 586 3083 est
610 3023 640 3080 in
670 3041 713 3081 or.
737 3019 809 3080 Mid.
831 3017 995 3102 p.584,14,
1023 3017 1180 3099 Droyseno
1207 3018 1300 3080 invito
1320 3018 1490 3082 Azeniensis
1516 3018 1662 3082 habendus
1684 3041 1745 3084 esse
1766 3022 1895 3086 videtur:
1922 3025 1965 3084 Οὐ
1987 3025 2045 3112 γὰρ

464 3129 495 3185 ἐκ
516 3125 659 3193 πολιτικῆς
679 3114 785 3189 αἰτίοις,
812 3116 877 3180 οὔδ’
899 3115 988 3206 ῶςττερ
1006 3116 1183 3204 Ἀριστοφῶν
1203 3116 1329 3183 assisis
1349 3115 1415 3183 rosis
1436 3113 1598 3199 στεφάνους
1617 3112 1703 3181 ἔλυσε
1723 3119 1772 3194 τὴν
1792 3118 1952 3209 προβολάν,
1979 3124 2045 3185 ἀλλ’

338 3266 352 3295 ,
464 3253 491 3286 κ.
503 3251 527 3284 τ.
538 3235 564 3284 λ.
591 3223 627 3284 ad
653 3243 739 3303 quern
766 3220 823 3282 loc.
850 3220 942 3282 schol.
969 3210 1062 3284 Οὗτος
1088 3212 1246 3307 φορολόγος
1274 3212 1311 3280 ῶν
1331 3213 1462 3300 κατέσχε
1484 3221 1548 3307 παρ’
1570 3218 1723 3301 redegistis
1744 3219 1868 3289 δεκάτας
1888 3231 1939 3298 τῆς
1959 3224 2046 3297 θεοῦ,

465 3326 517 3405 ἀφ’
540 3316 576 3385 ῶν
597 3317 652 3383 ἔδει
674 3314 835 3397 στεφάνους
855 3324 969 3392 ποιῆσαι
989 3312 1038 3379 :eal
1059 3318 1209 3380 ἀναθεῖναι
1230 3323 1266 3398 τῇ
1285 3317 1357 3394 θεᾷ.
1377 3314 1587 3406 κατηγορηθεὶς
1609 3313 1640 3381 δὲ
1662 3321 1715 3384 ὑπὸ
1729 3320 1894 3397 Εὐβούλου,
1916 3312 2045 3407 φθάσας

464 3424 514 3498 τὴν
542 3420 661 3489 sicodor,
688 3414 809 3482 ἀνέθετο
836 3417 902 3484 τούς
929 3413 1106 3498 στεφάνους,
1130 3412 1179 3478 κοῶ
1204 3412 1346 3478 πέπαυται
1372 3419 1388 3490 ἦ
1415 3414 1555 3506 προβολή.
1606 3421 1692 3483 Dem.
1718 3449 1843 3512 noepoeap.
1869 3451 1898 3508 p.
1910 3428 1979 3490 436.
1991 3431 2046 3492 13:

462 3519 522 3586 Ἐτι
543 3520 630 3584 τοίνυν
652 3514 751 3581 πολλοὶ
771 3518 836 3608 παρ’
857 3521 921 3592 ὑμῖν
941 3511 986 3580 tul
1005 3524 1108 3605 καιρῶν
1128 3513 1284 3598 γεγόνασιν
1304 3514 1430 3605 ἰσχυρά,
1451 3516 1665 3607 Καλλῶοτροιτος
1677 3522 1788 3592 ἐκεῖνος,
1809 3517 1900 3588 αὖθις
1918 3526 2045 3612 ’Apro-20.

442 3621 538 3706 ’φῶν,
563 3617 731 3702 Διόφαντος,
757 3615 861 3683 τούτων
888 3612 971 3707 ἕτεροι
997 3611 1136 3707 τράτερον.
1158 3615 1235 3680 ἀλλά
1256 3623 1314 3679 τοῦ
1333 3613 1438 3680 τούτων
1458 3611 1578 3685 ἕκαστος
1597 3613 1764 3707 ἐτράττυενς
1792 3623 1880 3686 docet
1900 3640 2045 3689 mortuum

466 3730 523 3797 iam
544 3725 630 3786 suisse
653 3746 677 3784 a.
692 3723 753 3785 343
775 3721 1027 3805 Aristophontem.
1060 3722 1170 3783 Vemm
1192 3719 1310 3782 decreta
1331 3721 1391 3783 eius
1413 3721 1471 3783 duo
1487 3736 1696 3784 commemorat
1708 3723 1794 3786 Dem.
1810 3724 1846 3786 de
1862 3746 1923 3788 cor.
1939 3728 2044 3808 puts.

355 3820 365 3831 ’
468 3826 538 3889 250.
561 3825 598 3888 cf.
622 3824 657 3886 de
679 3825 806 3885 Halonn.
828 3822 1083 3907 p.82.83.85.86.
1106 3844 1141 3884 ex
1160 3834 1294 3903 tempore
1314 3842 1415 3903 pacem
1437 3821 1594 3884 01.108.3
1616 3836 1726 3886 secuto.
1768 3825 1926 3910 Deinceps,
1948 3841 1980 3889 nt
2001 3832 2044 3889 vi-

467 3927 561 4002 detur,
582 3925 794 3987 Demosthenes
815 3924 933 3987 decreta
953 3922 1053 3985 allert:
1074 3926 1156 3983 τοῦτο
1178 3914 1227 3993 μὲν
1247 3916 1336 3981 τοίνυν
1356 3918 1387 3981 τὲ
1409 3914 1555 4001 ψήφισμα
1575 3913 1726 3990 Εὔβουλος
1746 3918 1890 4011 ἔγραψεν,
1912 3927 1963 3988 οὐκ
1976 3923 2045 4007 ipsi,

465 4023 496 4085 cd
519 4022 548 4084 δ’
571 4021 678 4108 ἐφεξῆς
697 4023 884 4109 Ἀριστοφῶν,
905 4015 969 4085 εἶθ’
989 4015 1179 4102 Ἡγήσιππος,
1200 4013 1253 4082 εἶτ’
1273 4020 1449 4109 Ἀριστοφῶν
1469 4014 1565 4094 πάλιν,
1586 4014 1647 4084 εἶτα
1667 4020 1840 4112 Φιλοκράτης
1942 4028 2044 4092 Philo·

467 4129 552 4190 cratis
574 4127 722 4187 decretum
744 4134 846 4185 contra
866 4124 946 4207 leges
968 4125 1056 4186 latum
1078 4145 1173 4205 eoque
1187 4121 1378 4206 Amphipolin
1399 4124 1537 4200 amissam,
1559 4126 1730 4210 Hegesippo
1752 4129 1929 4189 contrarium
1950 4151 1984 4192 ex
1999 4153 2042 4193 or.

467 4228 504 4290 de
525 4228 592 4288 Hal.
614 4224 810 4307 intelligimus.
852 4224 986 4287 Mortuus
1007 4225 1096 4308 igitur
1117 4237 1161 4286 est
1181 4224 1258 4286 inter
1279 4223 1437 4286 01.108.3
1459 4236 1490 4285 et
1511 4223 1560 4286 01.
1572 4226 1678 4288 1092·
1713 4226 1772 4288 Per
1792 4229 1936 4312 sexaginta
1949 4246 2044 4294 autem

467 4350 557 4390 annos
578 4329 610 4388 in
630 4325 715 4387 rebus
736 4323 873 4408 gerendis
895 4323 1100 4386 versatissimus
1121 4324 1189 4398 futu
1210 4346 1283 4410 ergo
1304 4325 1368 4407 plus
1390 4325 1540 4408 octoginta
1560 4347 1650 4390 annos
1670 4339 1768 4388 natum
1789 4327 1865 4391 diem
1879 4351 2043 4413 supremum

469 4428 576 4492 obiisse
597 4439 830 4490 consentaneum.

509 4545 580 4624 (¹⁸⁷)
613 4544 780 4618 01.107.1;
801 4543 908 4606 assa.
929 4543 1064 4606 Nausicle
1086 4543 1160 4606 duce
1180 4544 1331 4626 quinquies
1351 4542 1431 4606 mille
1453 4506 1565 4627 pedites
1579 4559 1611 4608 et
1624 4547 1825 4633 quadringenti
1841 4553 1951 4633 equites
1966 4552 2041 4613 Pha-

468 4643 530 4725 yllo
551 4644 744 4707 Phocensium
765 4644 901 4708 dictatori
922 4642 957 4706 ab
978 4643 1201 4708 Atheniensibus
1222 4645 1326 4708 amilio
1346 4644 1425 4707 missi
1445 4659 1519 4709 sunt
1541 4646 1631 4709 Diod.
1646 4648 1725 4710 xvi.
1734 4650 1782 4712 37.

510 4758 581 4837 (¹²⁸)
612 4761 702 4822 Diod.
718 4764 796 4825 XVI.
804 4765 842 4827 31
860 4776 890 4827 et
903 4762 953 4826 34.
975 4764 1042 4826 vide
1063 4784 1143 4845 seqq.
