4636 5940
1124 416 1182 506 57

363 643 443 693 sum
467 640 559 707 esse,
587 613 734 718 Illyrica
762 612 909 712 opinor,
940 635 1050 712 quam
1077 609 1201 683 subito
1226 605 1346 683 media
1365 608 1443 684 lere
1463 625 1596 685 aestate
1616 614 1775 714 suscepit
1796 610 1946 714 expedi·

364 747 467 819 tione
495 738 712 844 impeditum
737 739 839 836 (²¹⁷).
882 736 1072 811 Venerunt
1101 735 1214 839 paulo
1242 752 1325 811 ante
1354 737 1449 812 hanc
1474 733 1636 812 Athenas
1662 737 1771 840 legati
1795 737 1852 812 illi
1877 737 1947 814 Pe·

363 870 577 973 loponnesii
607 867 864 968 conquesturi,
900 861 1144 938 Athenienses
1174 862 1297 938 studio
1322 861 1703 938 Lacedaemoniorum
1733 869 1821 969 ipsis
1855 864 1949 942 male

366 996 580 1088 consulere;
607 1010 687 1069 tum
711 990 984 1067 Demosthenes
1009 990 1105 1066 hano
1131 994 1337 1065 orationem
1362 990 1506 1083 habuit,
1536 1018 1609 1094 qua
1635 990 1681 1067 ad
1706 1019 1803 1067 nora
1829 996 1948 1068 consi·

365 1125 414 1200 lia
446 1120 629 1227 populum
661 1123 813 1213 excitat3
846 1119 1029 1221 simulque
1055 1143 1119 1194 eos
1144 1134 1250 1221 urget
1276 1121 1341 1221 qui
1365 1144 1495 1221 pacem
1521 1117 1727 1221 foedusque
1754 1146 1838 1194 cum
1862 1144 1948 1222 rege

365 1251 503 1326 iactum
530 1250 739 1324 conservari
764 1246 908 1323 volunt.

1100 1432 1212 1536 §.ra

507 1568 637 1643 Annus
657 1566 718 1642 hic
737 1566 881 1672 Lycisci
903 1563 966 1641 Ol.
988 1566 1104 1639 109.1
1130 1580 1167 1639 et
1187 1590 1344 1668 sequens
1364 1560 1568 1668 Pythodoti
1592 1568 1675 1640 109.
1692 1568 1718 1639 2
1739 1569 1854 1642 causis
1871 1582 1950 1641 tum

272 1690 277 1701 ¹
365 1693 524 1799 publicis
556 1710 635 1768 tum
666 1696 815 1796 privatis
846 1695 1030 1796 absumpti
1062 1707 1159 1767 sunt.
1208 1691 1335 1766 Altera
1365 1691 1427 1765 illa
1453 1690 1716 1767 Demosthenis
1741 1690 1950 1794 Philippica

406 1911 478 1994 (⁹¹⁷)
509 1914 724 1977 Demosthenes
746 1914 789 1996 (p.
797 1912 852 1992 71)
881 1913 997 1993 quidem
1019 1913 1244 1975 decemviratum
1266 1934 1281 1973 a
1302 1912 1440 1995 Philippo
1463 1913 1493 1974 in
1515 1912 1663 1974 Thessalia
1684 1914 1845 1974 institutum
1866 1913 1949 1989 dicit,

365 2037 488 2097 eumque
514 2015 667 2100 vectigalia
694 2014 839 2077 Thessalis
867 2014 999 2075 demisse.
1038 2014 1162 2077 Vocmel
1189 2015 1304 2098 proleg.
1331 2013 1367 2074 ad
1394 2013 1422 2074 h.
1440 2014 1460 2074 l.
1489 2013 1656 2094 (assentitur
1677 2014 1706 2075 ei
1727 2014 1876 2102 Rankeop.
1884 2012 1950 2092 81.)
2014 2074 2022 2081 ,

366 2117 530 2177 orationem
551 2115 623 2177 hane
645 2113 685 2176 ob
707 2136 820 2177 causam
840 2128 908 2197 post
928 2127 959 2176 et
978 2114 1125 2196 Illyricam
1146 2127 1176 2177 et
1197 2115 1392 2177 Thessalicam
1419 2114 1497 2199 regis
1519 2114 1734 2196 expeditionem
1755 2115 1850 2198 pouit,
1870 2113 1949 2175 relu-

365 2228 427 2276 tans
438 2216 668 2278 Winiewslxium
689 2227 756 2296 post
769 2214 915 2296 Illyricam
937 2215 1064 2295 quidem,
1085 2237 1186 2277 verum
1207 2229 1272 2278 ante
1288 2214 1484 2277 Thessalicam
1499 2214 1693 2276 collocantem
1708 2215 1751 2296 (p.
1759 2213 1854 2294 146.).
1875 2214 1949 2275 Exa-

367 2314 509 2375 minemus
531 2315 637 2398 igitur,
659 2335 719 2394 quo
739 2326 874 2396 tempore
895 2313 977 2389 anni,
999 2334 1085 2394 quem
1105 2315 1194 2375 tradit
1213 2315 1387 2396 Dionysius,
1408 2312 1524 2394 Lycisci
1539 2312 1644 2373 tout.
1666 2312 1762 2374 habita
1783 2315 1836 2388 sit,
1857 2334 1951 2394 aquo

327 2451 329 2456 ·
366 2433 442 2474 auno
469 2433 529 2474 non
556 2425 601 2475 est
627 2435 679 2475 cur
705 2412 911 2475 discedendum
937 2426 1079 2495 putemus.
1121 2414 1272 2475 Diodorus
1300 2412 1394 2491 (xv1.
1407 2412 1446 2471 69
1462 2412 1527 2490 fin.)
1554 2424 1650 2472 narrat
1676 2424 1706 2472 et
1732 2433 1808 2473 anno
1835 2412 1950 2494 Lycisci

366 2511 465 2594 (343)
486 2512 619 2596 assignat,
639 2513 806 2595 Philippum
827 2535 932 2599 magno
951 2536 1020 2586 ,cum
1041 2514 1169 2575 exercitu
1190 2513 1318 2596 Illyriam
1341 2512 1500 2597 ingressum
1519 2524 1651 2589 vastasse,
1672 2512 1761 2574 multa
1776 2512 1884 2594 oppida
1899 2532 1949 2574 ce-

367 2613 455 2693 pisse,
477 2633 635 2697 magnaque
657 2614 764 2695 praeda
784 2612 859 2674 saeta
880 2615 910 2673 in
925 2615 1124 2674 Macedoniam
1139 2634 1302 2696 regressum
1317 2633 1389 2677 esse.
1421 2606 1519 2670 Marci
1541 2602 1729 2682 diruisse,
1751 2613 1858 2696 pergit,
1880 2636 1951 2699 παρ-
1981 2652 1983 2657 2

366 2709 465 2772 ελθών
486 2714 525 2775 εἰς
542 2708 591 2783 τὴν
606 2704 762 2772 θεπαλῖαν
782 2704 830 2772 uui
851 2707 918 2775 rotie
937 2705 1088 2798 τυράννους
1109 2712 1140 2772 ἔκ
1154 2716 1209 2772 τῶν
1222 2703 1331 2772 πόλεων
1346 2704 1480 2777 ἐκβαλών
1494 2705 1581 2774 ἰδίους
1594 2716 1657 2774 ταῖς
1671 2707 1789 2775 εὐνοίαις
1803 2704 1952 2785 ἐποιήσατο

366 2809 434 2875 τούς
454 2804 624 2876 θετταλοός.
666 2811 806 2874 Arbitror
830 2811 1040 2890 Demostheni,
1065 2812 1089 2874 si
1111 2813 1167 2874 iam
1187 2823 1249 2872 tum
1269 2811 1398 2894 illyriam
1419 2813 1536 2873 adortus
1558 2825 1633 2873 esset
1653 2811 1820 2893 Philippus,
1847 2812 1878 2873 id
1898 2834 1951 2875 ne-

369 2933 510 2994 quaquam
536 2911 824 2994 praetermittendum
850 2913 954 2990 luisse,
981 2934 1047 2974 cum
1069 2913 1228 2994 potentiam
1250 2912 1311 2973 eius
1332 2912 1503 2996 gliscentem
1525 2912 1711 2996 depingeret3
1738 2913 1865 2994 ideoque
1886 2926 1952 2976 ante

366 3012 440 3074 hanc
466 3013 611 3095 Illyricam
638 3013 856 3094 expeditionem
882 3014 978 3075 oratio
1004 3012 1100 3074 hahita
1123 3034 1184 3075 esse
1206 3012 1277 3073 mihi
1298 3012 1429 3085 videtin,
1457 3033 1529 3095 ergo
1552 3014 1638 3073 etiam
1659 3024 1725 3074 ante
1746 3012 1840 3091 illam,
1867 3035 1952 3094 quam

368 3127 465 3175 narrat
490 3114 657 3187 Diodorus,
685 3112 890 3173 Thessalicam.
931 3113 1035 3190 Neque
1057 3109 1130 3170 hanc
1152 3131 1169 3171 a
1188 3109 1387 3172 Demosthene
1410 3109 1515 3191 (p.71)
1544 3111 1730 3193 significatam
1751 3131 1813 3173 esse
1835 3132 1952 3191 censeo,

368 3214 420 3276 scd
441 3213 525 3274 aliam
546 3212 632 3292 paulo
654 3210 733 3291 prius
753 3221 877 3293 gestam3
905 3209 952 3270 vel
979 3222 1010 3269 ut
1036 3209 1147 3290 planius
1176 3209 1286 3283 dicam,
1312 3207 1396 3268 aliam
1423 3229 1484 3268 esse
1507 3209 1584 3268 illam
1606 3223 1674 3290 post
1693 3208 1811 3292 Illyrica
1832 3213 1950 3293 expedi-

365 3313 494 3387 tionem,
524 3331 644 3391 eamque
670 3330 755 3391 quam
780 3320 892 3390 spectat
911 3308 1123 3370 Demosthenes
1150 3309 1181 3369 in
1203 3319 1276 3369 orat
1298 3308 1352 3368 III.
1373 3307 1501 3389 Philipp.
1524 3308 1632 3390 p.ll7,
1654 3310 1737 3370 aliam
1759 3331 1833 3390 quae
1856 3313 1951 3373 estin

272 3420 277 3424 '
308 3440 314 3450 =
369 3413 460 3474 altera
480 3410 644 3493 Philippica
664 3409 840 3472 adumbrata.
881 3409 965 3470 Illam
985 3431 1090 3494 gerens
1111 3408 1261 3491 Philippus
1282 3408 1466 3470 tetrarchiam
1487 3409 1518 3469 in
1539 3409 1688 3473 Thessalia
1709 3410 1842 3487 instituit,
1868 3427 1949 3494 post-

368 3534 453 3594 quam
474 3533 550 3574 anno
572 3511 634 3572 lere
656 3524 721 3572 ante
744 3510 969 3571 decemviratum
990 3509 1160 3583 collocavit;
1182 3530 1304 3590 namque
1324 3523 1445 3586 constat,
1467 3507 1650 3571 multifariam
1672 3524 1732 3572 tum
1753 3512 1839 3574 rebus
1854 3513 1949 3575 Thes·
2022 3552 2026 3557 ·

368 3613 463 3676 salicis
484 3631 515 3674 se
536 3612 723 3673 immiscuisse
746 3631 860 3695 regem;
881 3623 912 3671 ct
932 3610 1080 3671 coniicere
1102 3611 1182 3686 licet,
1204 3631 1270 3671 eum
1291 3609 1377 3671 rebus
1397 3612 1497 3673 nescIo
1520 3610 1622 3692 quibus
1644 3624 1775 3673 coactum
1791 3633 1852 3675 esse
1868 3613 1950 3675 brevi

368 3729 503 3796 tempore
525 3712 652 3774 instituta
673 3725 794 3773 mutare.
838 3709 921 3786 Quae
943 3731 1008 3771 cum
1030 3710 1069 3771 ita
1090 3723 1252 3785 statuamus,
1272 3709 1443 3772 vocabulum
1464 3710 1536 3772 illud
1557 3705 1714 3798 τετραρχία
1733 3734 1793 3774 non
1808 3714 1882 3776 adeo
1896 3735 1951 3778 nos

370 3812 498 3898 urgebit,
519 3812 598 3894 quod
620 3811 807 3874 Schaeierum
828 3811 956 3891 aliosque
977 3810 1060 3872 huius
1082 3811 1141 3873 loci
1158 3812 1333 3893 interpretes
1347 3811 1431 3872 valde
1447 3812 1587 3873 cruciasse
1602 3813 1700 3873 video.
1734 3812 1818 3889 Quae
1834 3815 1863 3875 in
1878 3828 1952 3879 orat.

371 3917 407 3977 dc
430 3914 556 3974 Halonn.
580 3936 608 3994 p.
617 3910 655 3972 84
671 3925 857 3986 memoratur,
878 3911 979 3973 eadem
992 3911 1132 3988 Diodori,
1154 3911 1312 3991 eademque
1327 3913 1430 3973 tertiae
1445 3911 1625 3994 Philippicae
1644 3933 1705 3974 asse
1720 3913 1844 3975 ridetur.
1865 3915 1952 3998 pst:

369 4007 492 4102 Φεραίων
511 4004 560 4084 μὲν
581 4005 722 4099 ἆφῇρηταν
743 4010 793 4084 τὴν
813 4004 894 4073 πόλιν
914 4004 962 4071 uoti
983 4009 1107 4097 φρουρὰν
1128 4013 1156 4071 ἕν
1177 4017 1211 4091 τῇ
1231 4005 1379 4098 ἀκροπόλει
1399 4005 1582 4084 κατέστησεν,
1602 4005 1647 4072 ἵνα
1669 4008 1703 4082 δὴ
1721 4008 1867 4085 αὐτόνομοι
1887 4007 1953 4077 uictu

370 4105 522 4194 (ironice);
543 4114 648 4197 p.113:
669 4105 717 4173 nori
738 4110 790 4184 μὴν
810 4106 859 4173 uui
873 4107 962 4198 Φερὰς
982 4105 1171 4198 applausit·
1185 4105 1342 4172 Osnnie'av
1355 4109 1452 4173 labdo
1465 4105 1532 4193 ἔχει
1546 4106 1735 4180 καταλαβών.
1757 4115 1815 4176 vid.
1826 4117 1953 4179 Weiske

373 4217 428 4275 111.
449 4216 535 4298 p.38.
561 4248 602 4262 -
628 4214 789 4276 sumamus
810 4213 899 4297 igitur
919 4213 975 4274 sic:
1001 4210 1108 4273 Eubuli
1129 4233 1215 4288 anno,
1242 4213 1342 4275 nescio
1363 4236 1423 4294 quo
1444 4215 1511 4274 anni
1532 4227 1682 4296 tempore,
1708 4236 1759 4277 rex
1779 4216 1902 4278 instituit
1922 4217 1951 4276 in

373 4315 523 4376 Thessalia
544 4314 774 4386 decadarchiam;
802 4335 878 4375 anno
900 4313 956 4376 hoc
978 4326 1099 4375 exeunte
1120 4313 1181 4374 sive
1203 4334 1273 4374 vere
1294 4335 1319 4374 a.
1331 4313 1393 4375 344
1414 4314 1639 4377 machinationes
1660 4314 1788 4397 Philippi
1809 4317 1839 4377 in
1860 4315 1949 4378 Pelo·

373 4435 520 4498 ponneso:
548 4437 585 4477 eo
606 4415 801 4478 mercenarios
822 4414 920 4475 mittit.
962 4414 1100 4494 Sequitur
1120 4434 1210 4475 annus
1230 4414 1345 4496 Lycisci
1368 4414 1418 4476 ot.
1430 4415 1536 4476 tout:
1559 4414 1658 4496 primis
1679 4414 1834 4489 mensibus,
1854 4416 1951 4478 nalim

373 4517 438 4599 ipso
466 4512 580 4596 primo,
606 4515 810 4579 Demosthenis
832 4516 920 4577 altera
941 4514 1079 4597 Philipp,
1105 4514 1191 4597 paulo
1213 4529 1281 4597 post
1300 4515 1448 4598 expeditio
1468 4515 1587 4598 Illyrica
1611 4515 1709 4594 (certo
1730 4513 1880 4595 Philippus
1901 4538 1949 4578 re·

374 4638 442 4677 cens
469 4615 547 4674 inter
572 4612 798 4696 Amphictyonas
824 4629 958 4698 receptus
984 4628 1051 4698 post
1076 4615 1160 4677 ludos
1182 4614 1353 4698 Olympicus
1380 4617 1495 4677 demtun
1516 4613 1678 4675 celebratos
1700 4613 1808 4675 bellurn
1829 4614 1951 4696 intulit),

374 4737 459 4796 quam
480 4714 600 4777 fortasse
621 4712 673 4774 sub
694 4713 796 4777 hiemis
816 4716 930 4777 initium
952 4715 1048 4795 (sin.
1069 4714 1182 4793 asts)
1204 4715 1304 4778 finivit.
1345 4716 1462 4778 Deinde
1483 4715 1576 4776 altero
1597 4714 1664 4775 anni
1686 4715 1824 4791 dimidio,
1849 4717 1951 4797 priore

375 4837 399 4876 a.
411 4813 472 4876 343
494 4814 673 4876 Thessalicas
695 4836 741 4877 res
762 4816 922 4898 componit,
943 4830 1080 4898 tyrannos
1102 4815 1230 4898 expellit,
1249 4816 1434 4879 tetrarchiam
1456 4814 1588 4891 instituit,
1609 4827 1760 4898 postquam
1778 4837 1844 4878 cum
1857 4815 1950 4878 Athe·

375 4915 521 4979 niensibus
542 4916 598 4977 iam
620 4914 656 4976 de
677 4934 748 4996 pace
770 4917 944 5001 corrigenda
964 4917 1011 5001 agi
1033 4930 1169 4999 coeptum
1190 4930 1242 4979 est.

1635 5021 1672 5096 H
