4636 5940
1217 387 1275 482 58

454 584 758 672 Atheniensibus,
794 605 917 683 regem
949 578 1173 683 reipublicae
1205 578 1388 672 insidiari,
1423 583 1496 659 iam
1527 604 1739 683 persuasum
1771 605 1848 660 esse
1874 581 2030 660 videtur.

454 714 651 793 Intestinae
677 711 806 786 turbae
832 711 1058 785 exstiterunt.
1099 707 1291 785 Acerrimo
1311 704 1398 782 odio
1416 705 1703 783 Demosthenica
1728 707 1841 785 factio
1867 708 2033 788 adversa·

455 843 545 919 riam
578 841 824 942 persequitur.
876 833 1015 912 Odium
1047 851 1170 911 autem
1204 837 1369 913 omnium
1401 832 1681 911 Atheniensium
1716 839 1754 911 in
1786 834 2036 914 Philocratem

455 970 620 1058 vertitur,
655 982 844 1042 auctorem
876 965 989 1067 pacis,
1027 987 1122 1065 quae
1155 978 1234 1038 tum
1267 966 1340 1039 iam
1371 965 1577 1066 turpissima
1609 966 1652 1038 iis
1677 962 1871 1041 videbatur
1894 965 2034 1041 Demo·

456 1093 585 1172 sthene
611 1097 794 1194 sociisque
821 1091 1086 1192 instigantibus.
1124 1089 1174 1164 At
1198 1115 1276 1169 non
1301 1105 1376 1167 tam
1399 1116 1480 1166 eam
1508 1090 1557 1165 ob
1585 1115 1728 1167 causam
1755 1109 1858 1167 aucta
1886 1091 2037 1196 quidem

454 1219 541 1295 inde
568 1237 645 1295 erat
671 1216 825 1309 invidia,
864 1242 974 1318 quam
1006 1213 1108 1317 quod
1141 1215 1256 1290 homo
1289 1233 1365 1291 erat
1397 1217 1694 1293 sceleratissimus
1725 1220 1838 1322 inque
1865 1221 2036 1296 omnibus

453 1351 548 1423 vitae
574 1348 685 1420 rebus
712 1345 968 1446 nequissimus,
998 1347 1138 1445 quique
1163 1345 1201 1416 in
1228 1359 1428 1445 conspectu
1448 1348 1612 1418 omnium
1631 1343 1676 1418 ad
1695 1343 1904 1420 foedissima
1923 1372 2034 1449 quae·

456 1499 529 1576 que
561 1471 702 1548 divitias
734 1469 946 1560 adhibebat,
984 1494 1088 1572 quas,
1126 1486 1167 1542 ut
1198 1487 1276 1544 erat
1307 1474 1533 1544 avarissimus
1565 1470 1732 1574 lucrique
1765 1471 2031 1576 cupidissimus,

456 1596 671 1674 omnimodo
698 1597 865 1699 augebat.
912 1595 1093 1685 Accessit,
1131 1594 1232 1700 quod
1264 1595 1338 1670 hoc
1357 1609 1538 1699 ‘tempore
1569 1601 1765 1672 auctoritas
1797 1624 1838 1672 ac
1870 1602 2036 1702 potentia

454 1725 620 1829 Philippi
646 1728 684 1799 in
704 1722 980 1826 PeloponnesO,
1000 1723 1168 1814 Euboea,
1189 1720 1393 1815 Thessalia,
1415 1722 1572 1797 Thracia
1590 1727 1628 1797 in
1647 1722 1724 1799 dies
1742 1725 1930 1828 gliscebat.
1959 1725 2037 1829 Hy·

456 1851 602 1958 perides
626 1850 876 1927 Philocratem
902 1852 939 1923 in
966 1852 1022 1924 ius
1047 1852 1209 1943 vocavit,
1243 1849 1461 1927 Timarchus
1487 1850 1708 1926 Aeschinem
1734 1855 1852 1955 petiit.
1896 1851 2037 1927 Demo·

454 1979 601 2061 sthenes
625 1981 774 2080 utrique
800 1978 1002 2055 accusatori
1027 1979 1291 2080 patrocinatur.
1334 1975 1410 2071 Qui
1437 2005 1520 2053 cum
1547 2004 1652 2054 causa
1673 1977 1874 2054 Philocrati
1901 1982 2037 2054 consti·

457 2110 579 2182 stituta
607 2121 714 2196 esset,
744 2107 811 2179 ait:
841 2106 965 2178 mirari
990 2127 1043 2196 se,
1074 2101 1176 2206 quod
1202 2131 1317 2178 unum
1334 2101 1581 2180 Philocratem
1608 2120 1664 2180 tot
1687 2123 1949 2209 tantorumque
1967 2108 2036 2180 cri·

456 2237 595 2307 minum
627 2234 779 2306 noxium
811 2228 1007 2321 haberent,
1044 2256 1179 2305 novem
1211 2228 1296 2304 illos
1327 2230 1492 2333 reliquos
1525 2234 1626 2305 omni
1659 2231 1767 2335 culpa
1793 2258 1927 2308 vacuos
1960 2256 2037 2307 esse

455 2362 544 2452 rati3
572 2382 693 2461 neque
719 2354 758 2431 id
786 2361 834 2430 ita
861 2381 900 2430 se
925 2356 1062 2431 habere
1088 2381 1211 2459 posse,
1242 2383 1325 2451 cum
1352 2357 1416 2433 ille
1442 2360 1610 2462 nuspiam
1631 2357 1731 2435 solus
1749 2384 1886 2461 suaque
1904 2375 2038 2463 sponte

456 2489 586 2589 egisset
611 2485 763 2587 reliquis
789 2487 1051 2585 praetermissis
1070 2486 1172 2583 (²¹⁸).
1211 2483 1311 2559 Reus
1328 2484 1428 2559 ultro
1449 2484 1639 2578 exulabat3
1667 2486 1797 2562 absens
1815 2484 2037 2561 condemna-

455 2629 514 2687 tus
541 2627 608 2703 est,
639 2610 763 2684 malim
783 2635 841 2682 eas
861 2610 910 2683 ob
931 2634 1054 2684 causas
1073 2635 1163 2710 quas
1181 2608 1294 2683 modo
1314 2609 1401 2701 dixi,
1433 2638 1542 2712 quam
1562 2611 1663 2712 quod
1683 2615 1930 2714 corruptionis
1948 2638 2037 2686 con·

455 2741 572 2814 victus
591 2753 685 2809 esset
698 2737 797 2833 (²¹⁹).
833 2733 969 2808 Nescio
997 2738 1093 2809 enim
1112 2733 1298 2838 equidem,
1329 2760 1488 2837 quorum
1506 2738 1618 2838 gratia
1636 2761 1699 2811 rex
1718 2737 2035 2840 corrumperede-

455 2865 591 2954 buerit,
621 2887 705 2935 cum
731 2884 865 2962 nempe
890 2862 1034 2962 parab
1062 2863 1233 2937 omuibus
1259 2860 1326 2935 illo
1352 2878 1522 2964 tempore
1549 2859 1765 2955 desiderata,
1795 2862 1923 2939 eadem
1949 2881 2037 2941 tuuc

360 2966 367 2979 ¹
456 3007 499 3066 ut
523 2988 659 3063 diutius
685 3013 727 3061 ac
753 2989 932 3061 continuo
957 3005 1191 3089 permaneret
1216 3003 1315 3063 certe
1341 3012 1361 3061 a
1388 3015 1517 3090 magna
1542 2988 1850 3092 amplissimorum
1877 3018 1918 3068 ac
1945 2990 2037 3067 divi·

456 3132 535 3191 tum
552 3130 656 3217 parte
670 3111 950 3188 Atheniensium
969 3128 1171 3215 optaretur.
1200 3112 1280 3186 Nec
1298 3127 1422 3186 tamen
1441 3138 1485 3187 ex
1502 3113 1559 3188 his
1576 3141 1671 3189 unus
1689 3120 1823 3191 exstitit
1836 3116 2038 3198 Philocrati

457 3240 643 3318 defensor.
683 3237 790 3314 Adeo
818 3236 945 3314 odium
971 3242 1009 3314 in
1035 3264 1074 3315 se
1091 3241 1299 3315 coniecerat
1315 3235 1544 3315 Philocrates
1571 3244 1749 3334 omnium,
1779 3261 1820 3317 ut
1842 3269 1939 3318 anno
1959 3243 2036 3319 fere

499 3573 570 3656 (Ψ)
601 3577 698 3637 Locos
720 3575 756 3637 de
777 3575 944 3638 Philocrate
965 3576 1136 3657 praecipuos
1156 3573 1244 3636 hahes
1264 3574 1371 3637 Aesch.
1392 3599 1423 3635 π.
1437 3569 1545 3662 specil.
1566 3577 1676 3657 p.29.1
1689 3598 1732 3657 sq.
1754 3577 1896 3658 p.30.29.
1918 3578 1948 3638 in
1964 3577 2036 3642 Cte-

457 3676 531 3760 siph.
557 3696 623 3759 pag.
636 3674 675 3737 65
696 3687 768 3737 tota.
799 3674 886 3737 Deru.
913 3700 944 3735 rr.
965 3699 1090 3762 παραπρ.
1117 3673 1214 3757 p.375
1227 3673 1313 3736 -377
1324 3698 1367 3756 sq.
1394 3698 1422 3758 p.
1435 3675 1583 3738 soenes.
1605 3675 1667 3737 41⁷
1682 3677 1730 3737 fin.
1752 3676 1822 3740 440.
1851 3678 1888 3741 de
1908 3679 2036 3740 llaloun.

457 3775 533 3860 p.82
548 3797 591 3857 eq.
612 3776 751 3838 Dinarch.
772 3775 836 3839 adv.
857 3776 944 3838 Dent.
965 3775 1051 3857 p.94.
1073 3772 1163 3859 §292
1191 3765 1272 3839 siros
1298 3777 1421 3857 (Dent.)
1446 3769 1608 3863 Φιλοκράτει
1630 3782 1881 3857 συνικωνολογεῒτο
1902 3803 1940 3858 τῳ
1963 3772 2037 3867 γρά-

458 3868 552 3952 ψαντι
572 3873 641 3963 srpdc
661 3870 797 3937 claumos
818 3870 931 3964 εἰρήνην,
953 3871 987 3937 δι’
1008 3865 1041 3950 ἣν
1062 3876 1140 3947 duris
1160 3874 1260 3936 ἰκεῒνον
1281 3869 1450 3960 ἐξεβάλετε.

499 3992 570 4073 (‘¹⁹)
603 3993 765 4058 Confirmat
784 4017 831 4058 me
851 3996 939 4077 ipsius
959 3993 1165 4057 Demosthenis
1187 3995 1267 4056 locus
1288 4018 1319 4054 π.
1331 4019 1454 4081 superq.
1470 3994 1625 4078 patena.
1647 3998 1671 4056 εἰ
1692 3988 1722 4056 δί
1737 3989 1908 4082 Φιλοκράτης
1928 3993 1964 4068 μὴ
1983 3991 2034 4063 ssd·

459 4118 504 4155 νον
529 4087 667 4171 ὡμολόγει
693 4093 757 4179 παρ’
779 4093 841 4164 ὑμῖν
863 4095 891 4154 ἰν
910 4099 952 4174 τῷ
973 4088 1050 4174 δήμῳ
1071 4087 1225 4165 neudum,
1249 4092 1327 4155 ἀλλὰ
1353 4089 1401 4156 nai
1422 4091 1558 4157 ἐδώινυεν
1579 4096 1641 4166 ὑμῖν
1661 4101 1849 4183 πυροπωλῶν,
1877 4092 2035 4167 οἰκοδομῶν,

433 4189 634 4263 ’Βαδιιῒσθαι
655 4185 788 4270 φᾶσκων,
812 4187 868 4270 κᾶν
888 4194 923 4266 μὴ
946 4199 1123 4282 χειροτονῆτε
1144 4195 1237 4266 ὑμεῖς,
1262 4193 1409 4280 ξυληγῶν,
1433 4193 1464 4257 ri
1486 4191 1607 4282 ypocrisis
1626 4193 1888 4266 uaraAAorrc'ssrvcc
1908 4202 2036 4284 φανερῶς
2133 4186 2145 4191 ’

458 4289 504 4356 iri
522 4298 585 4359 ταῖς
604 4287 765 4381 τραπέζαις,
786 4291 837 4357 ss’u
857 4287 894 4356 i'vr
917 4289 1006 4368 δήπου
1028 4301 1125 4357 τοῦτον
1145 4297 1230 4357 εἰπεῖν
1252 4297 1289 4361 sis
1310 4294 1362 4357 edu
1381 4290 1491 4375 εἴληφε,
1516 4294 1563 4358 τᾶν
1583 4296 1670 4359 αὐτὸν
1691 4297 1890 4377 ὁμολογοῦντα
1909 4291 1959 4358 ueri
1980 4294 2036 4359 δει·

458 4389 571 4457 uvdvra.
612 4397 694 4480 lisgo
716 4396 821 4457 iterum
843 4398 1008 4459 coniectum
1028 4398 1118 4459 modo
1140 4419 1175 4460 ex
1194 4399 1335 4460 sententia
1355 4397 1560 4460 Demosthenis
1582 4398 1747 4460 accusantis.
1786 4398 1884 4460 Verba
1904 4400 2035 4462 Weiskii

459 4496 498 4558 Π.
520 4520 548 4578 p.
559 4497 609 4559 13:
636 4497 729 4579 „Ipse
749 4496 928 4559 Philocrates
949 4497 1068 4582 fingitur
1088 4498 1235 4563 confessus
1259 4499 1410 4580 pecuniam
1430 4497 1485 4560 sihi
1506 4499 1626 4561 rediisse
1647 4521 1664 4561 e
1686 4498 1832 4583 legatione
1854 4520 1870 4560 a
1889 4520 1921 4561 se
1942 4500 2033 4560 admi·

459 4595 592 4673 nbuata,
618 4597 715 4660 verbis
741 4596 874 4683 ambigue
900 4599 1013 4661 mutatis
1041 4611 1072 4660 et
1097 4600 1294 4682 corruptionis
1319 4599 1482 4681 suspicione
1509 4601 1577 4662 iude
1603 4599 1708 4682 petita,
1735 4599 1814 4681 quod
1836 4600 1885 4663 ille
1907 4601 2033 4663 donare

361 4771 363 4774 Α
459 4694 628 4776 hospitalia,
653 4699 763 4778 pariter
787 4713 873 4780 atque
899 4700 1043 4784 collegas,
1068 4700 1212 4783 accepisse
1239 4720 1256 4761 a
1277 4721 1346 4784 rege
1369 4699 1538 4763 fatebamr.'’
1563 4701 1633 4764 baec
1655 4701 1754 4763 nescio
1776 4722 1811 4762 an
1832 4714 1928 4777 recte,
1955 4701 2033 4782 quod

460 4795 568 4871 malim,
588 4796 624 4859 sd
644 4817 737 4862 meam
758 4802 927 4864 seutentiam
948 4821 1091 4864 muniere
1112 4799 1182 4863 mibi
1203 4801 1299 4864 liceat
