4636 5940
367 604 456 694 post
478 585 751 664 Demosthenes
779 583 930 687 publice
960 587 1273 687 perversissimum
1303 601 1413 689 atque
1444 585 1801 690 impudentissimum
1831 591 1952 669 homi·

368 740 455 793 nem
481 739 609 791 omnes
635 711 680 787 ad
707 739 821 786 unum
846 710 1096 788 Philocratem
1122 716 1375 788 nominaturus
1402 738 1480 790 esse
1506 713 1657 792 diceret.

509 842 670 944 Tmpius
697 843 819 916 evenit
836 838 1049 932 Timarcho,
1079 843 1313 942 quantumvis
1331 842 1603 918 Demosthenes
1630 848 1664 919 ei
1691 848 1951 946 patroninaba-

366 988 441 1048 tor.
480 966 697 1043 Timarchus
723 970 840 1060 enim,
876 967 990 1041 homo
1023 991 1135 1069 quem
1166 964 1329 1042 libidinis
1360 968 1606 1073 infamiaeque
1638 996 1760 1075 neque
1787 972 1952 1074 pudebat
2056 986 2063 993 ’

369 1120 491 1200 neque
516 1092 701 1187 taedebat,
729 1111 851 1170 umen
878 1119 925 1169 eo
950 1119 1081 1196 usque,
1111 1109 1154 1167 ut
1178 1110 1256 1169 erat
1280 1097 1337 1169 vir
1362 1093 1518 1172 disertus
1545 1114 1583 1172 et
1599 1101 1639 1171 in
1656 1100 1766 1173 rebus
1784 1099 1952 1201 gerendis

367 1239 543 1316 tersenis,
573 1238 783 1297 accusatore
809 1220 1015 1313 deficiente,
1046 1224 1207 1323 impunis
1233 1238 1425 1297 manserat.
1476 1220 1551 1316 Qui
1578 1223 1644 1297 illo
1671 1241 1840 1327 tempore
1866 1254 1951 1301 cum

368 1349 438 1426 alia
464 1348 551 1427 tulit
577 1347 723 1424 decreta
748 1365 827 1423 tum
853 1347 905 1441 id,
935 1351 1000 1451 qui
1025 1351 1122 1422 inter
1146 1347 1288 1422 bellum
1315 1374 1413 1423 arma
1431 1346 1610 1452 Philippo
1638 1350 1795 1426 afferens
1821 1351 1952 1456 depre-

366 1476 503 1553 hensus
531 1492 637 1568 esset,
668 1492 708 1551 ut
733 1479 763 1549 is
787 1478 906 1578 capite
929 1473 1177 1551 mulctaretur.
1212 1472 1317 1549 Idem
1335 1502 1419 1550 cum
1438 1480 1547 1550 etiam
1564 1480 1602 1551 in
1620 1477 1842 1553 Aeschinem
1861 1485 1950 1554 acri·

365 1621 424 1680 ter
440 1607 604 1678 invectus
623 1619 717 1679 esset
737 1602 1023 1679 aDemosthene
1041 1600 1186 1677 adiutus
1203 1601 1384 1705 pluraque
1402 1601 1611 1678 moliretur:
1632 1605 1832 1680 Aeschines
1846 1633 1951 1681 causa

366 1731 530 1806 instituta
547 1731 633 1830 (²²⁰)
659 1728 908 1833 impudicitiae
935 1755 977 1803 ac
1003 1726 1234 1804 loedissimae
1259 1733 1354 1805 vitae
1379 1734 1587 1805 convictum
1608 1735 1687 1805 iure
1706 1731 1950 1806 concionandi

366 1861 533 1961 privavit.
581 1857 736 1932 Infamia
766 1872 914 1931 notatus
946 1873 1001 1932 est
1026 1854 1262 1948 Timarchus,
1298 1858 1449 1959 eiusque
1481 1883 1617 1932 nomen
1648 1861 1686 1932 in
1711 1860 1950 1960 proverbium

364 1984 455 2060 abiit
479 1988 636 2091 cuiusvis
663 1982 840 2087 impudici
856 1984 956 2084 (²²¹).
989 1980 1232 2086 Quantopere
1252 1983 1521 2060 Demosthenes
1547 1985 1783 2077 laboraverit,
1812 2002 1854 2060 ut
1871 1985 1945 2060 Ae·

366 2110 511 2187 schines
537 2111 606 2185 hac
633 2137 739 2186 causa
766 2109 925 2203 caderet,
963 2127 1000 2187 et
1027 2137 1071 2185 ex
1095 2127 1281 2213 postrema
1309 2114 1484 2186 orationis
1510 2111 1737 2188 Aeschineae
1763 2129 1868 2216 parte
1894 2117 1948 2187 in-

368 2236 488 2340 telligi
519 2254 644 2339 potest
676 2253 714 2311 et
749 2262 769 2310 e
798 2239 921 2312 verbis
954 2240 1067 2339 ipsius
1097 2237 1359 2312 Demosthenis
1390 2234 1462 2344 περὶ
1494 2229 1769 2346 παραπρεσβείας
1798 2244 1947 2330 orantis,

365 2365 545 2465 imprimis
571 2364 678 2438 initio
705 2365 894 2438 orationis.
937 2363 1099 2437 Minatus
1125 2379 1203 2437 erat
1227 2360 1498 2437 Demosthenes
1530 2363 1710 2464 gloriose,
1747 2392 1785 2438 se
1811 2383 1949 2439 metum

365 2487 540 2565 Aeschini
566 2491 786 2564 iniecturum
812 2516 902 2582 esse,
933 2490 1175 2580 orationihus,
1205 2515 1294 2591 quas
1320 2493 1358 2562 in
1377 2487 1539 2564 ecclesiis
1556 2489 1755 2581 habuisset,
1786 2506 1823 2564 et
1839 2516 1944 2592 pace,

365 2640 461 2718 qnae
486 2640 555 2718 per
573 2640 657 2690 eum
676 2632 713 2689 et
729 2613 978 2689 Philocratem
996 2616 1163 2689 coniecta
1181 2631 1288 2704 esset,
1319 2616 1543 2717 exprobetis,
1573 2631 1614 2689 ut
1631 2631 1722 2708 tum,
1753 2642 1837 2690 cum
1853 2622 1947 2691 ratio

363 2739 411 2817 de
437 2740 621 2844 legatione
647 2740 761 2816 altera
787 2745 821 2815 ei
846 2738 1035 2816 reddenda
1062 2756 1168 2833 essct,
1198 2743 1372 2816 attonitus
1398 2739 1446 2815 de
1470 2744 1547 2842 ipsa
1568 2741 1683 2815 salute
1702 2768 1744 2815 ac
1761 2747 1833 2817 vita
1851 2747 1948 2846 peri·

363 2867 551 2945 clitaretur
579 2866 734 2970 (Aesch.
750 2865 833 2943 adv.
854 2868 954 2942 Tim.
974 2895 1014 2971 p.
1027 2870 1089 2942 il.
1107 2871 1184 2968 tt).
1227 2865 1365 2961 Quare,
1395 2895 1479 2942 cum
1499 2872 1712 2970 praesertim
1731 2867 1948 2945 Timarchus

363 3003 510 3072 caumm
535 2993 768 3099 perdidisset,
804 3022 892 3071 mox
923 2999 1002 3099 ipse
1027 2994 1298 3069 Demosthenes
1329 3020 1462 3071 novam
1489 2994 1585 3068 male
1610 3013 1730 3096 gestae
1756 2995 1947 3098 legationis

364 3112 526 3226 indeque
551 3121 720 3224 proditae
747 3147 767 3193 e
793 3121 958 3221 Philippi
984 3122 1222 3220 corruptione
1248 3122 1386 3221 patriae
1412 3118 1586 3194 Aeschini
1611 3123 1779 3194 instituit.

508 3246 595 3340 Quo
622 3262 790 3347 tempore
817 3248 902 3319 anni
928 3260 1084 3347 utraque
1110 3269 1216 3318 causa
1243 3259 1320 3317 acta
1346 3248 1410 3335 sit,
1444 3269 1521 3318 non
1547 3248 1662 3319 ausim
1688 3245 1860 3348 equidem
1887 3275 1944 3322 ac-

366 3377 525 3450 curatius
556 3369 717 3447 indicare
742 3372 850 3470 (²2²);
885 3391 954 3448 nec
980 3388 1120 3446 certum
1153 3369 1241 3444 mihi
1276 3388 1348 3462 est,
1381 3386 1463 3445 utra
1495 3371 1607 3446 altera
1638 3376 1743 3476 prior
1773 3377 1830 3447 sit.
1878 3374 1945 3449 Fa·

406 3652 478 3736 (Μ)
509 3653 629 3718 Clinton
651 3656 684 3716 F.
703 3655 742 3715 H.
764 3674 827 3716 eam
847 3653 953 3714 Eubuli
980 3675 1055 3715 anno
1083 3655 1220 3739 assignat,
1247 3654 1316 3714 item
1342 3652 1455 3715 Tranhe
1480 3653 1511 3714 in
1537 3654 1652 3737 proleg.
1674 3669 1834 3736 p.xxx1x.;
1870 3658 1944 3719 Wi-

365 3757 487 3821 niswski
507 3758 588 3841 pta
611 3756 733 3818 01.108
754 3755 851 3816 suna
873 3766 921 3815 aut
941 3752 970 3815 4.
996 3755 1144 3818 Brilchier
1166 3751 1329 3815 01.108.4
1351 3766 1398 3815 aut
1419 3753 1530 3814 109.1.
1573 3752 1720 3836 Apparet,
1741 3757 1857 3818 nonnisi
1878 3772 1945 3840 post

365 3856 397 3919 11
416 3856 608 3940 Philippicam
628 3856 753 3919 habitam
775 3877 848 3932 esse,
869 3877 904 3917 ex
925 3856 959 3917 iis
981 3877 1054 3937 quae
1075 3876 1160 3938 supra
1181 3855 1365 3916 narravimus.

406 3970 478 4056 (¹¹¹)
508 3976 568 4038 vid.
590 3992 699 4060 argum.
720 3975 779 4036 hui.
802 3987 884 4036 crat:
912 3967 982 4032 edre
1010 3965 1041 4033 dl
1061 3965 1229 4060 περιβόητον
1256 3969 1286 4033 rd
1308 3977 1430 4058 πρᾶγμα
1451 3965 1571 4050 ὖγὲνοτο,
1592 3967 1661 4036 ciere
1682 3971 1738 4033 sind
1760 3978 1810 4048 rslc
1829 3971 1944 4062 κρίσιος

363 4071 471 4150 ταύτην
489 4073 557 4140 atde
576 4069 694 4162 πόρνους
714 4072 744 4134 sd
766 4072 863 4135 λοιπὸν
877 4068 998 4134 ἐκάλουν
1011 4066 1189 4160 Τιμάρχουο·
1210 4071 1240 4133 τὸ
1256 4065 1287 4134 δὲ
1301 4065 1439 4160 προοίμιόν
1452 4073 1511 4133 len
1525 4068 1737 4161 τραγικώτερον.
1752 4106 1792 4122 ·-
1813 4076 1943 4140 Pseudo·

366 4178 453 4256 Plus,
473 4178 560 4241 Phoc
583 4177 693 4253 esst,
719 4176 837 4258 Ulpian.
859 4196 969 4260 argum.
991 4176 1027 4235 ad
1047 4176 1134 4237 Dem.
1155 4196 1186 4233 κ.
1207 4196 1330 4260 παροκρ.
1360 4170 1483 4236 Tsetsee
1510 4175 1541 4235 in
1562 4172 1688 4236 Chilied·
1703 4176 1817 4248 v1.58;
1843 4190 1944 4239 auctor

365 4278 472 4358 prioris
493 4279 667 4364 argumenti:
689 4271 751 4337 ἕνιοι
773 4266 822 4347 μὶν
843 4268 891 4337 οὖν
912 4268 1012 4353 φασιν,
1033 4274 1071 4338 uis
1091 4268 1247 4359 ἆπῆγξοτο
1269 4276 1282 4334 ὅ
1304 4271 1454 4360 Τίμαρχος
1474 4271 1523 4347 τὴν
1543 4270 1632 4361 κρίσιν
1653 4273 1715 4354 οὐχ
1735 4272 1898 4343 ὑπομείνας·
1920 4282 1944 4338 οἱ

366 4369 407 4447 δι’,
433 4369 474 4438 ὅτι
500 4375 588 4442 &Aede
612 4372 754 4450 ἠτιμώθη,
780 4377 817 4441 als
843 4368 1027 4449 Λημοσθένης
1053 4377 1080 4436 ἐν
1106 4381 1147 4456 τῷ
1170 4370 1232 4463 περὶ
1253 4369 1496 4463 ποιροικριοβιίοις.
1538 4375 1635 4457 Atque
1656 4389 1736 4437 recte
1758 4377 1883 4458 Weiske
1904 4378 1942 4437 Π.

366 4474 452 4559 pil:
473 4477 499 4540 si
517 4479 673 4561 suspendio
694 4481 770 4541 vitae
792 4478 877 4540 finem
898 4478 1024 4555 lecisset,
1044 4499 1104 4539 non
1125 4477 1363 4559 praetermisisset
1383 4476 1606 4539 Demosthenes.

409 4592 480 4676 (²¹¹)
509 4596 652 4678 Dionysia
672 4598 784 4659 minora
805 4597 864 4660 sive
886 4599 1008 4683 agrestia
1028 4609 1225 4659 memorantur
1244 4595 1340 4657 verbis
1361 4594 1419 4656 his:
1441 4589 1509 4658 dcv.
1530 4587 1623 4680 πρώην
1643 4593 1671 4653 ἐν
1688 4597 1745 4656 τοῖς
1757 4593 1821 4652 κατ’
1835 4591 1942 4682 ἀγρούς

366 4691 521 4762 &evasisse
540 4692 680 4774 κωμῳδῶν
700 4686 785 4757 dnus
806 4697 834 4758 ἰν
847 4702 993 4776 Κολυπῷ,
1012 4689 1060 4757 καὶ
1074 4688 1262 4783 Παρμένοντος
1274 4699 1326 4756 τοῦ
1337 4699 1462 4767 κωμικοῦ
1475 4695 1626 4778 ὑποκριτοῦ
1637 4718 1665 4752 κ.
1675 4716 1700 4753 r.
1711 4703 1740 4753 λ.
1759 4695 1941 4776 (ρ.22.26.).

368 4794 561 4861 celebrantur
581 4797 650 4860 haec
672 4818 769 4862 mense
791 4799 956 4862 Posideone
978 4799 1050 4876 (vid.
1073 4798 1229 4860 Hermann.
1249 4795 1349 4879 Antiq.
1365 4795 1420 4857 Gr.
1442 4792 1565 4877 pm),
1585 4814 1658 4875 quae
1679 4795 1704 4856 si
1724 4794 1782 4857 siat
1801 4797 1869 4858 anni
1881 4797 1941 4880 Ly·

1585 4900 1661 4976 Ha
