4636 5940
1130 408 1319 501 73·

369 610 552 695 multates,
572 633 662 710 quas
682 607 751 680 sibi
764 622 953 707 parassent
966 603 1190 691 multifarias,
1208 604 1496 709 Atheniensibn‘s
1509 611 1757 710 exprobravit.
1784 609 1950 687 Perdunt

370 761 522 839 operam
543 732 805 833 Demosthenis
829 730 1024 808 adversarii
1049 731 1122 807 hoc
1146 735 1228 836 ipso
1254 749 1437 836 tempore,
1466 739 1679 838 priusquam
1698 736 1840 813 bellum
1859 765 1947 813 con·

367 880 424 938 tra
443 860 660 963 Philippum
686 857 910 934 declaratum
935 876 1002 951 est,
1031 862 1209 962 imprimis
1229 858 1442 935 Aeschines.
1477 861 1749 939 Demosthenes
1769 869 1866 941 enim
1886 890 1947 940 oc·

369 992 552 1065 casionem
577 984 637 1060 vel
662 984 881 1060 levissimam
907 988 1088 1090 captabat,
1119 1013 1192 1088 qua
1218 1011 1282 1061 eos
1307 1004 1570 1089 prosterneret.

1094 1215 1131 1317 g.
1154 1217 1213 1289 ιε.
1289 1182 1298 1197 ’

507 1368 702 1473 Antiphon
727 1370 827 1468 (²⁵⁶),
866 1371 930 1470 qui
961 1370 1095 1442 civium
1120 1369 1334 1442 recensione
1362 1367 1455 1443 sacta
1482 1394 1502 1441 a
1528 1370 1797 1446 contribulibus
1822 1359 1947 1448 nescio

369 1520 444 1597 quo
476 1497 556 1569 iure
587 1499 723 1570 eiectus
756 1512 850 1585 erat,
887 1510 976 1568 tunc
1007 1493 1101 1567 clam
1132 1493 1295 1567 Athenas
1325 1518 1508 1595 regressus
1539 1500 1578 1569 in
1608 1495 1763 1573 Piraeeo
1794 1497 1944 1574 latebat.

368 1618 492 1714 Quem
525 1648 607 1696 cum
632 1620 903 1696 Demosthenes
934 1622 989 1696 ibi
1020 1618 1205 1694 detectum
1231 1625 1271 1695 in
1297 1625 1514 1695 concionem
1541 1621 1674 1725 populi
1698 1621 1944 1725 produxisset,

367 1747 529 1850 populus
555 1746 737 1822 Aeschine
762 1750 1016 1850 patrocinante
1043 1763 1081 1820 et
1105 1746 1410 1839 Demosthenem,
1441 1745 1542 1849 quod
1569 1753 1666 1825 cives
1692 1753 1857 1825 miseriae
1884 1748 1946 1825 da-

366 1891 438 1983 tos¹
456 1891 603 1950 vexaret
633 1900 675 1948 ac
709 1871 846 1949 decreti
877 1877 1016 1948 iniussu
1049 1870 1200 1947 aedibus
1226 1871 1404 1949 incideret
1429 1892 1620 1976 arguente,
1657 1876 1815 1952 liberum
1844 1876 1944 1951 fecit.

365 1999 513 2076 Deinde
538 1982 765 2104 Areopagus‘
786 2000 885 2075 hunc
915 2016 1124 2103 suspectum
1156 2004 1194 2075 in
1225 2004 1442 2077 concionem
1469 2000 1614 2077 reduxit
1639 2006 1740 2079 etin
1765 2018 1948 2077 tormenta

367 2126 529 2202 dandum
554 2153 597 2202 ac
620 2124 826 2202 necandum
850 2130 1002 2219 curarit.
1038 2126 1151 2202 Aliud
1174 2130 1283 2202 etiam
1301 2126 1573 2204 Demosthenes
1594 2132 1733 2204 crimen
1752 2127 1946 2204 Aeschinis
1996 2170 2000 2175 ·

216 2356 218 2361 Ι
366 2253 488 2345 affert,
525 2252 627 2355 quod
660 2278 783 2327 rursus
801 2274 901 2327 *cum
926 2252 1097 2326 Anaxino
1128 2258 1313 2328 emissario
1344 2259 1383 2327 in
1409 2253 1560 2329 aedibus
1584 2254 1785 2328 Thrasonis
1815 2253 1945 2356 depre·
1996 2338 1999 2345 ,

285 2448 288 2452 ,
366 2378 501 2454 hensus
529 2395 624 2453 esset
649 2377 813 2478 (decor.
838 2380 995 2483 pm)
1034 2378 1307 2454 Demosthenes
1333 2381 1442 2480 igitur
1466 2384 1577 2480 magis
1602 2404 1682 2453 rem
1706 2378 1946 2482 Antiphontis

366 2509 513 2607 respicit
538 2521 580 2580 ut
605 2507 822 2607 graviorem.
863 2504 1063 2580 Aeschines
1083 2505 1351 2608 Antiphontem
1377 2531 1425 2607 ne
1451 2507 1565 2579 verbo
1587 2502 1738 2607 quidem
1758 2510 1944 2599 nominat,

365 2658 493 2706 verum
525 2647 652 2705 contra
685 2629 872 2732 depromit
900 2658 981 2705 rem
1006 2632 1183 2722 Anaxini;
1219 2656 1261 2704 ac
1294 2634 1427 2704 mirum
1464 2629 1565 2732 quod
1596 2630 1868 2707 Demosthenes
1900 2630 1945 2706 de

365 2754 596 2858 Antiphonte
618 2753 725 2830 dicit:
756 2756 807 2828 νῦν
828 2750 860 2828 δ’
874 2757 965 2847 ὑμεῖς
985 2745 1264 2864 στρεβλώσαντες
1284 2750 1381 2830 αὐτὸν
1402 2756 1701 2859 (Antiphontem)
1719 2758 1943 2849 ἀπεκτείνατε,

364 2880 464 2958 idem
495 2879 541 2957 de
568 2882 738 2956 Anaxino
764 2880 984 2958 Aeschines:
1022 2880 1077 2956 stoi
1105 2877 1160 2957 siv
1191 2877 1286 2956 αὐτὸν
1315 2874 1416 2990 ἄνδρα
1445 2872 1724 2991 ὣαστρεβλώσας
1753 2874 1793 2980 ‘A
1822 2886 1948 2958 σαυτοῦ

365 3006 454 3118 χειρὶ
477 3004 636 3117 ἔγραψας
660 2998 801 3102 θανάτῳ
828 3007 1007 3100 ζημιῶσαι,
1035 3053 1075 3067 -
1106 3005 1298 3082 scissisve
1324 3002 1528 3084 ἀπέκτεινας.
1568 3007 1694 3100 Quid?
1720 3025 1821 3084 estne
1847 3026 1946 3084 uter·

366 3162 458 3239 que,
488 3153 525 3210 et
550 3134 745 3233 Antiphon
772 3147 809 3205 et
833 3131 1040 3222 Anaxinus,
1067 3136 1260 3205 tormentis
1286 3130 1430 3206 deditus
1457 3159 1498 3207 ac
1523 3133 1698 3206 necatus?
1735 3134 1786 3208 At
1812 3160 1945 3239 nempe

364 3286 443 3335 non
461 3259 763 3362 praetermisisset
779 3254 1051 3331 Demosthenes
1077 3255 1115 3330 id
1142 3255 1274 3331 afferre
1301 3255 1348 3332 de
1367 3258 1557 3351 Anaxino;
1585 3275 1836 3335 verumtamen
1858 3288 1944 3366 sup·
2065 3298 2068 3303 ·

365 3387 516 3491 plicium
543 3384 642 3458 hunc
665 3407 880 3486 perpessum
903 3408 980 3456 esse
1002 3382 1113 3485 plane
1135 3399 1250 3478 tacet;
1278 3385 1342 3461 sed
1363 3389 1486 3488 potius
1507 3384 1728 3460 Aeschinem
1747 3392 1945 3491 respiciens

366 3518 433 3589 ait:
468 3507 579 3587 Καίτοι
610 3500 691 3588 irre
721 3508 766 3603 τῷ
796 3503 861 3582 ὑπὸ
890 3510 954 3583 τῶν
981 3504 1142 3602 πολεμίων
1168 3506 1362 3609 πεμφθέντι
1387 3503 1481 3602 μένας
1505 3503 1590 3606 μα’νῳ
1616 3505 1722 3610 συνῄει
1748 3511 1803 3588 καὶ
1827 3517 1944 3589 isnave·

365 3644 513 3730 λιγεῒτι,
540 3631 631 3714 οὗτος
655 3629 751 3713 αὐτὸς
775 3636 909 3744 ὑπῆρχε
934 3638 974 3736 τῇ
1000 3631 1100 3735 φύσει
1125 3628 1341 3715 κατάσκοπος
1368 3635 1424 3713 sat
1448 3632 1601 3727 πολέμιαι
1626 3640 1665 3737 τῇ
1691 3635 1829 3748 πατρίδι
1876 3643 1943 3717 At·

367 3793 440 3870 que
465 3783 595 3858 testes,
632 3789 727 3867 quos
757 3782 937 3866 provocat
966 3763 1063 3840 dicta
1088 3768 1165 3840 eius
1191 3764 1471 3840 confirmaturos
1502 3764 1556 3866 (id
1584 3764 1685 3869 quod
1714 3770 1793 3870 ipse
1818 3785 1945 3843 auctor

338 4164 342 4171 ,
408 4100 478 4182 (m)
510 4101 656 4185 Droysen.
671 4100 769 4182 p.180
788 4098 862 4174 hune
882 4096 952 4159 iacit
970 4118 986 4159 e
1001 4098 1127 4179 posteris
1140 4097 1294 4159 Harmodii
1308 4119 1342 4160 ex
1357 4098 1425 4160 loco
1439 4097 1581 4160 Dinarchi
1595 4098 1659 4159 adv.
1671 4098 1757 4160 Dent
1773 4098 1848 4182 p.98
1863 4095 1943 4182 §642

366 4195 414 4261 nei
435 4200 558 4261 τεθνᾶσι
578 4199 654 4262 nord
676 4198 707 4261 τό
729 4196 779 4261 σόν
799 4192 944 4278 ψήφισμα
966 4189 1017 4258 dtis
1038 4201 1092 4258 retr
1113 4202 1249 4269 πολιτῶν,
1268 4192 1360 4284 πατὴρ
1380 4190 1429 4258 καὶ
1450 4190 1525 4269 vide,
1545 4191 1759 4286 παραδαθῖντες
1778 4201 1820 4277 τρῖ
1839 4190 1883 4258 tri
1903 4202 1944 4276 τῷ

367 4296 517 4387 α’ριῖγματι·
539 4295 626 4375 {tiss
648 4307 702 4363 τῶν
722 4299 780 4380 ἀφ’
800 4293 947 4385 Ἀρμαδῖαυ
968 4291 1127 4378 «γεγονότων
1149 4291 1285 4385 siolum&
1304 4296 1335 4358 sd
1359 4295 1409 4358 σόν
1429 4292 1612 4385 πρόσταγμα·
1633 4291 1834 4385 ἐστρᾶβλωσαν
1852 4295 1943 4358 Ἀντι-

367 4405 467 4479 φαῖντα
486 4395 534 4459 καὶ
555 4396 719 4463 sinisteritas
739 4391 814 4463 siros
834 4405 869 4480 τῇ
888 4404 938 4473 τῆς
959 4393 1070 4473 devitiis
1090 4391 1238 4477 desociaret
1258 4391 1439 4463 τεισθῖντις·
1467 4391 1610 4482 igilium
1631 4395 1668 4459 sd
1688 4396 1822 4482 Ἀρχῖνον
1842 4396 1873 4456 ἐκ
1892 4401 1944 4469 τῆς

367 4495 476 4564 πόλεως
496 4494 540 4561 tri
560 4497 697 4588 προδοσίᾳ
717 4498 793 4563 κατὰ
814 4496 867 4565 τὰς
887 4505 937 4572 τῆς
950 4495 1062 4573 βουλῆς
1077 4493 1243 4578 ‹ineptis-sse
1255 4492 1303 4559 ursi
1316 4494 1454 4587 sescupiae.
1477 4500 1585 4561 Totum
1607 4497 1681 4559 hunc
1703 4498 1799 4559 iocum
1814 4498 1942 4581 ascripsi,

367 4616 400 4664 ut
421 4625 455 4664 ex
476 4602 681 4664 coniunctione
702 4603 879 4687 singulorum
901 4602 1098 4664 damnatorum
1114 4613 1237 4684 pateret,
1258 4600 1325 4662 iude
1339 4621 1399 4663 uon
1413 4601 1495 4681 sequi
1508 4598 1720 4681 Antiphontem
1734 4617 1796 4659 esse
1811 4618 1827 4659 e
1842 4610 1941 4681 poste·

367 4704 407 4764 ris
428 4703 591 4765 Harmodii.
628 4702 789 4764 Dinarchus
816 4704 893 4766 enim
920 4715 1068 4765 enumerat
1093 4723 1160 4777 eos,
1186 4701 1235 4781 qui
1256 4700 1428 4763 ullomodo
1449 4722 1465 4762 a
1485 4697 1683 4795 Demosthene
1704 4697 1812 4779 perditi
1834 4712 1941 4771 esseut;

367 4804 493 4884 quinque
514 4803 544 4864 hi
565 4814 644 4877 sunt;
668 4823 790 4883 namque
815 4816 848 4865 ut
872 4822 981 4865 nomeu
1007 4803 1096 4886 patris
1116 4802 1192 4863 illins
1214 4815 1245 4863 et
1263 4801 1316 4863 filii
1336 4801 1425 4863 tacuit
1445 4810 1494 4861 aut
1511 4799 1650 4876 nescivit,
1675 4798 1716 4860 ita
1736 4817 1844 4860 nornen
1864 4798 1942 4860 iilius

367 4903 555 4966 Harmodiani
577 4904 790 4986 praetermittit
821 4902 972 4986 Antiphon
992 4906 1132 4967 eruciatus
1153 4915 1184 4966 et
1196 4914 1312 4965 necatru
1326 4913 1380 4980 est,
1400 4900 1450 4963 ille
1465 4921 1500 4962 er
1513 4898 1806 4983 posterisiisrmodii
1820 4899 1941 4961 meur.

2074 552 2114 619 G
