4636 5940
1041 423 1100 511 24

278 615 335 705 τὴν
367 618 509 708 ἐμαυτοῦ
541 608 635 718 τάξον
667 610 710 694 εἷς
742 618 773 689 ἒν
799 606 925 712 ἑκάστῃ
950 615 1014 689 τῶν
1035 611 1228 701 Ἐλληνίδων
1254 608 1380 688 τέλειον
1405 611 1483 724 ἀνὴρ
1509 611 1646 706 ἐγένετο,
1679 618 1806 707 μᾶλλον
1833 624 1862 692 εἰ

184 745 188 755 “
277 737 331 819 ἕνα
365 737 458 835 μα’νον
490 737 590 852 ἄνδρα
622 738 790 818 Θετταλία
823 738 879 816 καὶ
910 732 966 814 ἕνα
998 733 1097 850 ἄνδρα
1125 736 1281 848 Ἀρκαδία
1308 737 1416 817 ταῦτὰ
1441 744 1620 851 φρονοῦντα
1650 737 1754 838 ἔσχεν
1779 742 1859 834 ἐμοί,

278 867 374 949 οὐδεὶς
404 861 441 945 ἂν
474 864 547 945 οὔτε
577 872 641 969 τῶν
671 863 736 970 ἔξω
763 869 879 942 Πυλῶν
907 860 1070 955 Ἑλλήνων
1103 860 1176 942 οὔτε
1200 869 1264 943 τῶν
1290 863 1368 943 οἷον
1394 874 1461 948 τοῖς
1486 872 1626 979 παροῦσι
1651 875 1765 949 κακοῖς
1788 865 1857 945 ἐκέ·

277 1000 374 1107 χρητ
401 989 451 1081 ἅν,
477 992 567 1071 ἀλλὰ
592 988 712 1074 πάντες
735 984 774 1070 (ἲν
799 989 886 1073 ὅντες
910 987 1077 1103 ἐλεύθερον
1103 992 1160 1068 καὶ
1183 987 1351 1087 αὐτόνομοο
1376 991 1462 1086 μετὰ
1483 989 1594 1083 τόσοις
1618 992 1725 1076 ‹ihr'os
1742 1001 1859 1096 ἅτφα.

277 1127 344 1203 arte
368 1129 399 1198 ἒν
426 1119 610 1219 οὐδανμονίᾳ
633 1117 696 1200 τὰς
720 1122 841 1196 ἑαυτῶν
868 1112 969 1216 ᾤκουν
995 1117 1164 1230 πατρίδας,
1190 1123 1254 1195 τῶν
1280 1114 1444 1211 τοτούτονν
1470 1119 1526 1196 κατ’
1544 1118 1693 1197 τοιούτων
1713 1123 1860 1214 ἀγαθῶν

276 1255 350 1343 ὑμῖν
370 1247 509 1327 καὶτοῖς
532 1241 645 1327 ἄλλοις
664 1244 851 1336 Ἀθηναίοις
876 1241 1011 1343 ἔχοντες
1034 1242 1135 1358 χάριν
1163 1244 1198 1322 δι’
1223 1242 1289 1340 ἐμί.
1315 1245 1401 1357 (περὶ
1426 1268 1526 1346 orso.
1551 1253 1704 1353 p.327).

912 1518 916 1527 ·
1023 1483 1113 1582 §.a

418 1635 797 1710 Commemoravimus
823 1659 930 1736 supra
958 1657 1088 1707 eorum
1113 1650 1249 1736 partes,
1285 1638 1349 1736 qui
1374 1659 1419 1708 ex
1446 1634 1732 1738 opulentissimis
1758 1659 1859 1708 com·

277 1764 389 1865 positi
416 1787 618 1864 paucorum
644 1763 801 1863 imperio
828 1763 985 1863 pacique
1011 1759 1282 1835 conservandae
1307 1765 1415 1835 unice
1440 1759 1659 1836 studuerint.
1715 1760 1861 1835 Horum

278 1914 458 1990 quaenam
485 1883 604 1991 capita
629 1890 889 1990 principesque
914 1886 1062 1979 fuerint,
1092 1891 1165 1962 iam
1190 1890 1391 1963 accuratius
1416 1912 1694 1990 persequamur.
1735 1888 1860 1988 Atque
1983 1930 1989 1937 ·

275 2019 374 2089 inter
398 2013 591 2116 primariol
618 2013 727 2089 huius
753 2017 894 2117 generis
919 2017 1068 2089 summis
1089 2016 1223 2118 opibus
1244 2039 1446 2116 magnaque
1467 2017 1681 2089 auctoritate
1703 2012 1859 2088 excelle-

277 2143 342 2216 bat
366 2139 498 2214 Midias
525 2141 781 2245 Anagyrasius,
817 2139 914 2216 iilius
941 2139 1204 2244 Cephisodori.
1257 2140 1382 2215 Homo
1410 2156 1488 2215 erat
1512 2139 1630 2214 audax
1656 2156 1694 2215 et
1717 2139 1860 2214 violen-

276 2284 349 2342 tus:
370 2271 562 2343 temeraria
583 2266 745 2341 facinora
765 2283 954 2370 perpetrat
972 2292 1042 2342 neo
1062 2269 1230 2341 manibus
1247 2283 1442 2370 temperat.
1480 2267 1621 2340 Eorum
1639 2291 1743 2358 vero,
1767 2290 1860 2367 quos

277 2399 454 2469 continuo
481 2392 559 2467 fere
584 2396 862 2497 importunitate
889 2393 1108 2482 et'lasciviis
1133 2394 1301 2484 vexabat,
1331 2392 1393 2468 alii
1420 2392 1570 2496 quidem
1593 2391 1781 2467 audaciam
1802 2406 1860 2465 to·

174 2589 182 2608 Χ
262 2520 407 2609 'lerare,
437 2523 574 2593 amicos
599 2517 758 2607 hominis
785 2543 950 2620 opesque
977 2523 1097 2605 veriti;
1127 2518 1202 2610 alii,
1232 2522 1297 2619 qui
1320 2516 1503 2594 vindictae
1528 2517 1738 2606 studebant,
1767 2515 1860 2591 nihil

277 2644 439 2735 efficere,
468 2643 528 2715 alii
554 2645 711 2743 pecunia
737 2657 888 2742 accepta
913 2634 1133 2742 litigationes
1160 2667 1385 2742 componere
1400 2645 1485 2739 (⁹⁵).
1527 2643 1596 2715 llle
1618 2641 1726 2717 aedes
1747 2642 1859 2716 Eleu·

277 2775 355 2844 sine
387 2765 698 2870 splendidissimas
731 2763 998 2857 exaedificavit,
1034 2790 1124 2867 quas
1150 2765 1423 2842 Demosthenes
1455 2769 1628 2842 omnibus
1661 2766 1760 2842 illius
1785 2766 1861 2841 loci

277 2895 448 2970 domibus
474 2891 644 2965 tenebras
670 2887 856 2964 obducere
881 2888 971 2964 dicit
983 2893 1070 2988 (⁹⁶);
1100 2906 1136 2965 et
1161 2916 1315 2965 uxorem
1341 2891 1386 2966 ad
1407 2895 1509 2967 initia
1528 2894 1643 2986 vehit,
1673 2920 1714 2969 ac
1733 2901 1763 2971 si
1782 2918 1859 2997 quo

277 3021 351 3096 alio
375 3018 498 3109 libuit,
527 3016 619 3090 albis
645 3016 737 3118 bigis
757 3013 952 3120 Sicyoniis3
981 3019 1060 3119 ipse
1083 3043 1167 3090 cum
1184 3019 1302 3092 tribus
1325 3034 1527 3121 quatuorve
1547 3018 1775 3124 pedissequis
1792 3045 1861 3123 per

277 3150 399 3223 forum
424 3145 583 3247 superbe
609 3139 759 3217 incedit.
814 3142 868 3215 Ea
894 3167 1045 3218 munera
1071 3140 1298 3220 administrat
1323 3171 1344 3219 a
1368 3145 1512 3249 populo
1535 3163 1689 3237 creatus,
1717 3151 1756 3220 in
1776 3151 1857 3248 qui·

277 3277 347 3349 bus
373 3295 513 3348 summa
532 3285 609 3343 erat
630 3266 798 3371 dignitas,
827 3266 947 3343 Parali
968 3274 1184 3371 quaestoris,
1214 3275 1374 3372 magistri
1394 3277 1573 3374 equitum,
1603 3278 1859 3379 mysteriorum

279 3403 469 3489 curatoris,
498 3396 566 3470 alia
583 3398 668 3490 (⁹⁷).
723 3392 844 3496 Saepe
870 3390 917 3467 de
942 3418 1010 3467 suo
1036 3411 1205 3495 sumptus
1222 3398 1261 3467 in
1284 3399 1550 3498 rempublicam
1575 3401 1675 3493 facit,
1705 3401 1860 3477 chorum

279 3540 443 3615 exornat,
471 3525 657 3598 triremem
684 3518 798 3593 donat
814 3519 900 3616 (⁹⁸),
936 3543 1063 3593 verum
1089 3523 1233 3623 saepius
1257 3519 1347 3594 haec
1372 3525 1451 3624 ipsa
1476 3523 1763 3600 Atheniensibus
1791 3529 1858 3600 ob·

278 3640 369 3744 iicit,
398 3651 516 3726 sicubi
542 3651 613 3752 ipsi
639 3643 889 3737 adversantur,
918 3647 1010 3719 acsi
1031 3643 1179 3720 adversa
1200 3646 1347 3720 fortuna
1366 3646 1456 3749 quid
1477 3665 1679 3750 gesserunt:
1707 3650 1770 3724 Me
1787 3677 1856 3753 pu-

280 3784 378 3871 tatis,
407 3781 541 3881 inquit,
570 3776 708 3851 tributa
733 3772 839 3850 vobis
865 3770 1100 3863 collaturum,
1130 3774 1264 3874 quibus
1288 3773 1478 3848 fruamini?
1503 3774 1566 3850 Me
1592 3779 1727 3878 putatis
1753 3780 1858 3852 trire-

279 3933 357 3980 mes
388 3910 664 3995 instructurum,
699 3926 765 3978 vos
790 3903 845 3974 uti
870 3924 918 3973 ne
943 3924 1052 3973 naves
1079 3897 1343 3992 conscendatis,
1372 3898 1436 3976 sed
1460 3906 1585 4005 potius
1612 3906 1730 3978 otiose
1757 3901 1859 3977 domi

278 4029 459 4106 sedeatis?
508 4029 638 4128 Itaque
679 4025 864 4103 interdum
894 4024 1112 4127 subterfugit
1150 4024 1196 4101 de
1227 4052 1295 4102 suo
1327 4029 1366 4100 in
1396 4028 1662 4132 rempublicam
1693 4033 1857 4133 impensa

322 4334 384 4438 (⁹⁶).
411 4353 564 4418 Demosth.
586 4353 616 4413 in
635 4351 754 4414 ididiam
768 4351 831 4413 init.
847 4353 1001 4428 orationis3
1022 4354 1060 4417 cl.
1075 4376 1104 4437 p.
1111 4354 1172 4417 542
1183 4354 1241 4431 lin,
1255 4354 1429 4436 p.546.559
1441 4355 1504 4417 init
1518 4377 1547 4437 p.
1554 4355 1625 4417 560.
1632 4355 1778 4421 sttsw.
1785 4359 1855 4422 578.

323 4474 381 4556 (⁹⁶)
413 4475 484 4537 ibid.
505 4469 661 4556 pastun.

322 4590 380 4672 (⁹⁷)
412 4593 496 4668 Quae
518 4591 634 4673 quidem
655 4589 753 4654 omnia
771 4589 846 4653 vitio
868 4591 896 4652 ei
917 4591 1006 4654 vertit
1025 4591 1247 4668 Demosthenes,
1268 4588 1340 4654 ibid.
1362 4615 1391 4675 p.
1398 4591 1461 4654 570
1473 4615 1517 4676 sq.

322 4705 380 4787 (⁹⁸)
412 4707 482 4770 ibid.
509 4709 606 4792 p.565
620 4731 663 4792 sq.
690 4708 726 4770 ad
747 4707 961 4790 expeditionem
981 4708 1141 4772 Euboicam
1162 4709 1211 4772 Ol.
1223 4710 1335 4783 1021,
1361 4711 1392 4770 in
1416 4711 1499 4773 aliam
1521 4713 1608 4775 etiam
1627 4715 1778 4777 triremem
1798 4716 1854 4776 im-

282 4830 370 4892 pensa
396 4808 482 4884 secit,
508 4811 588 4890 quod
613 4811 732 4886 scimus,
758 4808 924 4892 posteriore
951 4819 1100 4892 tempore,
1127 4809 1164 4872 de
1191 4832 1246 4892 qua
1270 4810 1339 4873 ride
1359 4812 1499 4875 boeckhii
1522 4814 1558 4875 de
1580 4833 1613 4874 re
1633 4814 1727 4876 navali
1748 4814 1854 4876 Athen.

281 4909 340 4973 ub.
351 4908 431 4970 XIV.
444 4908 472 4969 d.
483 4906 610 4971 tatto.
632 4909 686 4972 cir.
706 4908 763 4974 tab.
775 4909 855 4973 XVI.
868 4908 1124 4972 astusastus.
