4636 5940
201 150 268 217 ¹

179 342 208 385 ιι
267 422 273 433 ¹
329 322 547 525 '’qu
566 422 579 449 ¹¹
861 332 873 351 ·
946 366 949 373 .
971 382 1019 443 „¹¹
1783 400 1795 425 ¹
1919 374 1924 381 .

507 500 510 505 -
614 482 627 501 ν
1183 434 1240 523 86
1851 478 1898 525 -s

102 596 107 609 Ι
316 608 336 739 '¹
378 726 382 733 ¹
422 649 617 736 antequam
643 630 754 706 finem
782 631 940 703 orationi
966 626 1104 703 faceret
1128 625 1413 719 Demosthenes,
1444 626 1491 703 de
1517 628 1634 703 salute
1660 626 1871 732 desperasse
1889 654 2008 705 suam·

250 740 265 759 ⁸
315 854 318 859 ¹
423 734 496 864 que
522 758 795 832 damnationem
822 754 1043 860 praevidisse
1070 754 1266 858 probabile
1292 772 1359 829 est.

563 886 669 961 Unus
694 902 817 960 tamen
845 901 922 958 erat
949 886 1013 985 qui
1039 886 1199 957 maximo
1225 886 1377 974 oratori,
1407 908 1484 956 non
1510 908 1595 956 suae
1619 887 1745 958 aetatis
1761 883 1825 959 sed
1845 888 2010 959 omnium

424 1031 635 1116 temporum
658 1012 871 1103 clarissimo,
894 1013 1071 1086 obsistere
1088 1026 1226 1113 posset.
1262 1009 1388 1110 Atque
1406 1034 1567 1083 summae
1585 1012 1694 1084 nobis
1712 1027 1792 1085 esto
1809 1012 2007 1115 voluptati,

426 1138 526 1243 quod
554 1140 609 1214 illi
636 1143 768 1214 summi
796 1155 959 1215 oratores
985 1137 1057 1211 illis
1081 1114 1312 1240 temporibus
1337 1136 1411 1210 illis
1437 1138 1665 1212 orationibus
1689 1144 1907 1213 acerrimum
1931 1164 2008 1214 eer-
2045 1216 2058 1235 Ι

425 1283 546 1343 ῑωανενι
574 1268 747 1343 omnibus
771 1269 910 1343 viribus
935 1280 1214 1339 conseruerunt.
1254 1254 1430 1371 Τοιγάρτοι
1455 1260 1491 1337 τί
1512 1265 1574 1337 τῶν
1595 1259 1799 1338 ἀνελπίστων
1821 1261 1875 1337 καὶ
1891 1268 2009 1374 ἀπρον-

425 1386 567 1489 δοριιίτων
592 1395 649 1489 ἐφ’
667 1392 755 1483 ἡμῶν
782 1394 816 1465 sd
842 1385 997 1483 γέγονενὲ
1025 1393 1059 1463 οὐ
1085 1383 1152 1499 γάρ
1178 1380 1253 1470 βίον
1280 1392 1320 1479 γ’
1336 1392 1425 1480 ἡμεῖς
1446 1383 1652 1498 ἀνθρώπινον
1668 1381 1901 1483 βεβιώκαμεν,
1926 1395 2008 1464 ἀλλ’

423 1525 469 1598 τῖς
488 1514 769 1628 παραδοξολογίαν
793 1524 858 1623 τοῖς
875 1511 1036 1609 ἐσομένοις
1053 1515 1138 1609 μεθ’
1155 1518 1241 1608 ἡμᾶς
1258 1509 1389 1615 ἔφυμεν.
1415 1516 1550 1593 Aesch.
1571 1523 1610 1592 in
1628 1518 1795 1622 Ctesiph.
1816 1547 1856 1622 p.
1869 1520 1930 1596 72.
1945 1521 2007 1593 23.

1100 1812 1334 1838 mmm

512 2039 613 2121 Pagai
636 2062 700 2101 cum
715 2040 751 2101 de
768 2037 949 2100 Glaucothea
964 2035 1115 2098 Aeschinis
1136 2051 1226 2099 matre
1249 2037 1391 2112 dicebam,
1413 2050 1552 2098 annotare
1575 2035 1715 2098 debebam
1738 2038 1815 2098 illam
1834 2038 1909 2118 apud
1923 2038 2010 2098 Liba-

428 2142 507 2202 nium
529 2141 623 2218 (cuius
646 2140 742 2200 locum
763 2141 884 2220 apposui
906 2161 934 2219 p.
946 2139 981 2216 3)
1002 2131 1169 2197 Λευκοθέαν
1193 2139 1302 2213 vocari,
1323 2138 1517 2221 negligentius
1539 2138 1639 2199 credo.
1724 2136 1789 2219 p.7.
1813 2138 1862 2197 lin.
1874 2140 1903 2197 5.
1922 2139 1940 2197 b
1962 2159 2010 2198 er-

428 2239 560 2324 plicatius
587 2259 671 2318 quam
698 2238 728 2297 in
756 2251 853 2299 annot.
866 2239 905 2298 15
934 2238 1039 2297 sactum
1066 2250 1110 2298 est
1136 2238 1299 2298 addendum
1327 2250 1405 2313 erat,
1431 2237 1632 2299 Ruhnkenium
1654 2239 1672 2297 l.
1686 2260 1711 2298 c.
1733 2260 1788 2321 pro
1810 2238 1962 2299 Antalcida
1984 2251 2013 2299 et

428 2340 641 2413 Leodamante,
665 2339 713 2418 qui
734 2336 886 2398 Aeschinis
908 2338 1037 2421 magistri
1059 2337 1264 2418 perhibentur,
1286 2338 1428 2422 cogitasse
1451 2338 1487 2399 de
1508 2338 1716 2400 Alcidamante.
1801 2337 1909 2400 ibidem
1931 2360 2012 2399 com-

428 2460 590 2501 memorare
612 2438 726 2521 neglexi
749 2439 845 2499 locum
867 2438 948 2498 illum
971 2439 1019 2518 qui
1041 2450 1086 2500 est
1106 2460 1151 2520 ap.
1167 2439 1326 2500 bellarum
1349 2438 1443 2499 Oratt.
1458 2440 1519 2498 Att.
1534 2439 1588 2498 III.
1603 2437 1710 2520 p.247.
1725 2452 1787 2501 not.
1817 2433 1858 2500 ἔτι
1879 2435 2014 2511 μαθητὴς

428 2534 554 2619 ἔγάνετο,
575 2539 613 2602 uic
633 2530 681 2609 salv
702 2535 854 2624 Δημήτριος
875 2538 888 2598 ὅ
911 2532 1056 2624 Φαληρεύς
1077 2553 1163 2617 φησι,
1184 2532 1355 2625 Σωκράτους
1374 2543 1428 2599 τοῦ
1447 2533 1621 2618 φνλοτάφου,
1642 2530 1704 2598 εἶθ’
1719 2534 1834 2626 ὕστερον
1847 2532 2013 2602 Πλάτωνος·

427 2640 465 2705 οἷς
486 2632 516 2699 δὲ
538 2635 681 2701 Καικίλιος
701 2632 749 2699 καὶ
769 2634 923 2709 Ἰδομενεῦς
943 2632 992 2698 καὶ
1009 2633 1166 2724 Ἕρμιππος
1186 2641 1357 2723 ἱστοροῦσιν,
1384 2638 1435 2699 οὐκ
1460 2632 1564 2710 ἤκουσε
1586 2633 1691 2698 τούτων
1711 2645 1766 2699 τῶν
1787 2637 1894 2726 ἀνδρῶν
1915 2633 2014 2709 μαθέ·

428 2764 501 2801 σεως
522 2734 619 2822 χάριν.
651 2733 725 2814 φατὶ
746 2736 803 2823 γάρ
826 2740 863 2801 ὦς
884 2733 923 2798 dre
946 2729 1026 2798 οὗδέν
1047 2743 1099 2797 τοῦ
1119 2743 1302 2824 χαρακτῆρος
1322 2743 1373 2797 τοῦ
1386 2743 1568 2797 Πλατωνικοῦ
1589 2733 1688 2811 τάξει,
1710 2730 1819 2798 edrard
1834 2729 2013 2823 riuprssicurri

428 2834 560 2922 καθαράν
581 2830 628 2894 καὶ
650 2829 793 2920 ἀπέριττον
813 2829 861 2895 καὶ
884 2829 1027 2921 εὔρυθμον
1054 2834 1132 2897 άλλά
1159 2831 1302 2917 κεχηνυῒά
1322 2831 1384 2901 adr
1404 2838 1478 2897 ἐστιν
1500 2836 1590 2898 αὐτοῦ
1609 2839 1624 2909 ἦ
1647 2832 1708 2898 tila
1729 2844 1780 2899 τοῦ
1799 2832 1888 2917 λα’γου
1910 2831 1958 2897 καὶ
1979 2830 2014 2896 ά-

428 2962 534 3018 τεχνος
559 2927 608 3005 μὲν
633 2927 681 2994 καὶ
708 2932 847 3020 προπετὴς
866 2929 915 2995 καὶ
936 2935 1064 3022 εὐχερῶς
1084 2930 1128 2996 ἐπὶ
1150 2934 1180 2996 sd
1202 2934 1333 3021 λοιδορεῖν
1355 2939 1487 3023 αἰσχροῖς
1507 2933 1554 2998 καὶ
1576 2936 1709 3024 άπρεπῶς
1729 2933 1819 3024 ῥῆτορι
1841 2932 2015 3022 ἐξαγομένη,

430 3032 546 3119 ἔχοντα
567 3030 596 3096 d'
618 3060 643 3094 τι
665 3027 771 3110 εὐφυὲς
794 3029 842 3095 nal
871 3030 1024 3115 εὐάγωγον
1050 3028 1098 3095 καὶ
1128 3029 1181 3094 οἷον
1208 3029 1243 3093 ἂν
1271 3030 1378 3112 γε’νοιτά
1403 3061 1454 3094 τινι
1481 3040 1512 3095 ἐκ
1533 3032 1650 3113 φάσεως
1670 3033 1718 3098 καὶ
1738 3033 1854 3111 μελέτης
1875 3038 2013 3117 άφανοῦς.

431 3140 510 3222 quod
532 3136 661 3199 Socratis
683 3137 790 3197 dicitur
812 3137 967 3218 discipulus
992 3138 1022 3197 in
1042 3136 1095 3196 hac
1117 3148 1187 3198 nota
1208 3148 1238 3196 et
1258 3136 1389 3216 superius
1411 3137 1441 3195 in
1462 3136 1520 3196 vita
1540 3135 1694 3217 Apollonii
1720 3151 1834 3219 apertus
1855 3153 1899 3200 est
1920 3162 2014 3215 error,

430 3262 517 3322 quem
538 3252 702 3318 temporum
723 3237 849 3301 rationes
870 3238 1016 3312 evincunt,
1037 3237 1164 3317 ideoque
1186 3236 1391 3295 immutandum
1406 3236 1477 3296 illud
1492 3237 1589 3316 putavi
1605 3238 1634 3296 in
1648 3237 1782 3299 Isocratis
1797 3260 1914 3315 nomen,
1936 3241 2014 3319 quod

429 3340 517 3403 habet
537 3339 736 3399 Philostratus.
772 3337 892 3399 sortasse
919 3359 993 3421 ergo
1020 3338 1061 3398 sic
1087 3336 1203 3418 scripsit
1229 3348 1332 3396 auctor
1353 3337 1546 3398 annotationis
1568 3338 1628 3398 sive
1651 3338 1712 3419 ipse
1733 3340 1794 3400 sive
1816 3341 1839 3400 is
1861 3362 1946 3419 quem
1967 3363 2013 3401 se-

430 3440 571 3522 quebatur
591 3440 708 3500 ducem:
735 3437 773 3499 cic
793 3462 821 3507 μ.
844 3446 877 3495 Δ.
898 3436 912 3496 ὃ
933 3429 1079 3522 Φαληρεύς
1100 3451 1202 3514 φησιν,
1221 3429 1415 3521 Ἰσοκράτους,
1437 3427 1500 3495 εἶθ’
1516 3432 1632 3523 ὕστερον
1652 3429 1804 3502 Πλάτωνος
1825 3445 1877 3500 τοῦ
1897 3436 2014 3518 φιλοπά-

431 3556 498 3622 φου.
536 3541 572 3601 de
594 3538 755 3600 Idomeneo
777 3537 916 3599 videndus
938 3551 982 3598 est
1001 3538 1129 3599 Meierus
1150 3538 1180 3598 in
1202 3538 1446 3598 commentatione
1468 3560 1497 3619 p.
1505 3536 1534 3599 4.
1549 3539 1638 3599 noto
1660 3539 1759 3614 citata,
1782 3541 1937 3623 Hermippi
1958 3564 2013 3604 no·

430 3643 524 3705 titiam
546 3639 673 3723 neglexit
694 3639 837 3720 Lozynski
860 3638 935 3718 p.99
958 3651 988 3699 et
1009 3638 1115 3718 pato.
1200 3636 1287 3719 pst.
1303 3638 1429 3698 not.231
1447 3638 1598 3721 Spengelii
1614 3638 1807 3718 disquisitioni
1827 3642 1863 3702 de
1877 3641 2013 3704 Arthmio

431 3743 525 3804 Zelita
546 3740 677 3801 addenda
699 3751 743 3800 est
764 3738 953 3799 eruditissima
973 3738 1163 3800 Funkh'ainelii
1191 3738 1396 3799 commentatio
1424 3739 1454 3797 in
1475 3739 1698 3799 Zimmermanni
1725 3740 1796 3801 diar.
1818 3742 1920 3823 philol.
1941 3741 1969 3801 h.
1989 3765 2013 3803 a.

431 3840 510 3904 n.37
521 3864 563 3922 sq.
586 3841 635 3921 qui
649 3839 877 3901 Demosthenem
899 3839 984 3900 etiam
1007 3838 1165 3900 defendere
1186 3838 1294 3899 studuit
1315 3837 1350 3898 ab
1372 3860 1405 3899 ea
1428 3839 1568 3920 opinione
1591 3841 1670 3919 quasi
1692 3831 1789 3911 άτνμοτ
1810 3843 1888 3904 idem
1909 3842 2016 3923 putarit

431 3963 493 4004 esse
514 3942 592 4023 quod
613 3933 789 4026 άτιμωῖρητος.

518 4043 550 4102 si
573 4062 629 4121 qua
650 4054 801 4121 praeterea
823 4041 926 4101 omissa
947 4040 1041 4100 sint'a
1062 4039 1146 4100 nobis
1168 4041 1345 4121 imputentur
1367 4062 1400 4101 ea
1421 4063 1481 4102 non
1495 4041 1636 4102 voluntati
1656 4043 1707 4104 sed
1722 4042 1862 4105 debilitati
1878 4043 2013 4105 humanae

432 4143 632 4220 iudiceturque
659 4141 756 4221 potius
784 4140 820 4200 de
849 4141 883 4200 iis
910 4162 982 4219 quae
1013 4141 1080 4201 dare
1108 4140 1265 4216 voluimus,
1292 4163 1361 4201 num
1387 4154 1467 4202 recte
1495 4140 1544 4200 illa
1566 4155 1596 4203 et
1616 4154 1731 4204 strenue
1753 4143 1897 4224 persecuti
1918 4144 2013 4204 simus.

434 4243 541 4305 etenim
562 4241 619 4302 hoc
641 4241 824 4322 propositum
846 4239 994 4302 habuimus
1015 4253 1048 4300 ut
1067 4242 1160 4302 missis
1182 4240 1369 4323 opinionibus
1390 4242 1571 4322 partiumque
1586 4244 1686 4305 studiis
1701 4244 1778 4323 quod
1794 4265 1828 4304 ex
1841 4242 1937 4304 verbis
1953 4246 2015 4305 erui

433 4344 530 4427 potuit
550 4364 647 4403 rerum
668 4340 793 4422 simplici
816 4354 1012 4422 repeteremus
1033 4362 1177 4404 sermone.
1214 4363 1308 4422 neque
1331 4342 1459 4404 absoluta
1480 4342 1564 4422 plane
1587 4343 1729 4423 nullisque
1752 4344 1911 4428 indigentia
1931 4346 2014 4406 novis

434 4445 510 4505 curis
532 4443 602 4504 haec
622 4443 760 4502 tradimus
782 4442 897 4504 erudito
921 4443 1035 4520 lectori,
1057 4442 1108 4504 sed
1129 4455 1161 4502 ut
1182 4443 1294 4503 initium
1314 4443 1411 4525 potius
1432 4442 1620 4504 confirmandi
1643 4444 1728 4504 etiam
1749 4444 1829 4524 quod
1848 4444 2013 4528 investigari

435 4544 490 4604 iam
512 4544 547 4603 ab
569 4544 631 4606 aliis
653 4554 790 4625 coeptum
812 4555 856 4606 est
876 4544 948 4605 veri.
1102 4564 1157 4604 scr.
1178 4543 1310 4605 Berolini
1333 4565 1357 4603 a.
1373 4543 1401 4602 d.
1416 4541 1460 4602 Id.
1474 4542 1528 4604 Iul.
1551 4559 1760 4605 attactum.

1019 4809 1429 4864 m
