4636 5940
1130 420 1186 511 27

367 635 441 694 star
454 619 558 715 (¹⁰⁹).
603 613 679 711 Qui
705 614 872 687 humanis
897 628 935 687 et
959 611 1126 687 iucundis
1153 614 1330 706 moribus,
1361 615 1465 690 vultu
1490 641 1619 691 severo
1645 641 1687 691 ac
1708 633 1816 693 torvo
1838 635 1948 721 atque

366 747 497 819 immiti
517 742 827 844 breviloquentia,
853 739 1037 814 leboriae
1057 737 1211 818 duritiae
1231 739 1396 834 studens,
1415 767 1571 844 pauper,
1591 746 1819 846 gravimmus
1837 743 1947 848 Spar.

366 888 472 948 tanus
490 875 529 944 in
546 867 676 944 mediis
692 866 982 942 Atheniensibus
999 865 1191 942 leuissimis
1210 864 1489 944 admirationem
1510 885 1672 944 nostram
1694 873 1804 974 capit.
1833 871 1949 974 Atqui

367 998 584 1074 clarissimus
606 993 706 1070 idem
726 993 814 1087 dux,
843 992 889 1069 ad
915 992 1066 1069 bellicas
1091 1019 1151 1068 res
1176 991 1377 1070 obduratus
1401 992 1557 1098 perinde
1583 1020 1626 1071 ac
1643 997 1748 1072 miles
1766 1001 1948 1099 gregarius

367 1150 511 1227 semper
523 1147 653 1226 pacem
666 1119 810 1213 suadet,
830 1134 869 1196 'et
879 1121 991 1196 rebus
1004 1119 1153 1223 privatis
1167 1137 1339 1225 angustus
1350 1147 1394 1197 ac
1407 1122 1561 1226 simplex
1576 1123 1749 1199 cumillis
1773 1123 1948 1201 divitibus

367 1269 403 1328 et
434 1251 602 1354 superbis
628 1249 769 1324 nisibus
797 1245 925 1323 cedem
949 1246 1208 1351 persequitur?
1255 1246 1366 1340 Sane,
1395 1274 1467 1324 nec
1490 1252 1656 1323 mirum.
1690 1250 1839 1325 Etenim
1863 1277 1947 1326 cum

365 1394 403 1454 et
427 1381 467 1453 in
494 1380 620 1453 castris
646 1392 683 1451 ct
708 1379 747 1450 in
771 1375 866 1450 urbe
890 1373 1137 1450 Athenienses
1161 1378 1405 1476 cognovisset,
1443 1374 1570 1478 quales
1601 1400 1641 1451 se
1666 1393 1849 1479 gererent,
1878 1377 1948 1452 sibi

363 1529 578 1609 persuasum
602 1502 777 1593 habebat,
806 1500 876 1576 hos
901 1501 1146 1577 Athenienses
1169 1499 1216 1577 ad
1241 1504 1432 1605 pristinam
1458 1502 1612 1605 gloriam
1637 1527 1680 1578 ac
1699 1505 1871 1580 virtutem
1888 1528 1946 1579 re·

366 1629 452 1707 duci
477 1629 583 1704 nullo
610 1627 724 1705 modo
747 1653 870 1732 posse.
913 1628 1044 1730 Itaque
1064 1626 1186 1716 studio
1207 1627 1451 1704 multitudinis
1470 1626 1693 1719 adversattn,
1723 1632 1876 1732 eiusque
1893 1629 1946 1704 is·

367 1774 425 1834 cta
445 1773 482 1832 et
500 1754 597 1833 dicta
617 1757 771 1859 respuit,
801 1780 956 1857 eamque
974 1754 1213 1832 vehementer
1230 1754 1389 1831 offendit
1400 1757 1505 1856 (¹¹⁰).
1539 1754 1620 1831 Nec
1636 1755 1720 1831 leve
1738 1757 1848 1831 nobis
1866 1778 1946 1830 mo·

365 1900 529 1960 mentum
553 1887 614 1976 sit,
642 1880 872 1958 Phocionem
898 1907 920 1957 s
944 1884 1109 1985 partibus
1131 1897 1226 1958 stare
1246 1884 1347 1986 pacis
1365 1881 1614 1959 studiosorum
1627 1883 1733 1980 (¹¹¹);
1762 1885 1948 1984 enipeum

363 2012 464 2087 hunc
487 2015 626 2116 patriae
652 2006 883 2114 proditorem
909 2008 1047 2086 habere
1071 2009 1240 2102 velimus,
1274 2006 1379 2112 quod
1405 2013 1542 2087 amicos
1567 2013 1645 2087 eius
1669 2009 1762 2086 tales
1787 2032 1866 2084 esse
1889 2032 1946 2083 ar·

364 2143 441 2241 guit
463 2134 756 2214 Demosthenes?

507 2264 619 2338 Hisce
644 2264 847 2337 tribusviris
872 2264 1011 2362 pariter
1035 2288 1120 2336 cum
1148 2261 1403 2337 Demosthene
1425 2263 1626 2337 simultates
1651 2262 1764 2336 factas
1789 2286 1881 2353 esse,
1911 2276 1949 2336 et

364 2413 423 2464 res
449 2386 668 2478 docuerunt,
696 2411 766 2461 nce
791 2388 938 2460 mirum.
980 2383 1112 2460 Midias
1136 2389 1210 2460 iam
1235 2390 1332 2461 inter
1356 2413 1500 2462 cauum
1526 2386 1820 2461 aDemosthene
1847 2401 1946 2461 urto-

364 2517 467 2591 ribus
497 2517 700 2589 institutam
729 2536 876 2614 gravem
906 2537 950 2586 ac
980 2512 1178 2587 molestum
1208 2514 1247 2586 in
1277 2510 1378 2586 hunc
1406 2535 1447 2586 se
1477 2527 1654 2614 gesserat3
1694 2513 1807 2613 magis
1838 2515 1947 2587 etiam

363 2646 556 2742 utriusque
583 2637 711 2713 odium
737 2653 884 2712 auctum
909 2653 964 2711 est
990 2633 1055 2712 Ol.
1076 2640 1146 2715 107
1150 2641 1191 2711 .1
1220 2663 1306 2712 cum
1329 2634 1463 2712 Midias
1489 2640 1528 2712 in
1554 2654 1758 2740 conspectu
1783 2640 1948 2712 omnium
2052 2740 2055 2744 Α

363 2767 645 2843 Atheniensium
669 2764 897 2841 verberasset
919 2761 1227 2858 Demosthenem
1255 2788 1369 2867 quam
1393 2765 1443 2838 ob
1470 2788 1550 2838 rem
1575 2763 1636 2838 hie
1655 2761 1809 2838 Midiam
1829 2767 1870 2839 in
1892 2766 1948 2841 ius

363 2898 525 2985 vocavit,
561 2917 648 2967 mox
679 2909 802 2967 tamen
832 2893 991 2994 pecunia
1021 2905 1174 2994 accepta
1197 2888 1301 2965 litem
1327 2892 1537 2994 composuit
1563 2915 1653 2993 opes
1679 2906 1717 2966 et
1740 2893 1946 2993 potentiam

362 3025 433 3098 viri
457 3018 742 3124 perhorrescens
755 3020 862 3115 (¹¹²).
914 3015 1097 3107 Eubulus,
1125 3019 1299 3118 princeps
1317 3017 1501 3107 factionis,
1529 3033 1609 3091 tum
1628 3015 1766 3092 Midiae
1786 3020 1946 3118 patroci-

363 3150 533 3237 nabatur,
563 3147 717 3245 aliisque
743 3143 856 3214 rebus
877 3139 1125 3213 Demostheni
1146 3141 1290 3214 obstitit
1302 3143 1407 3237 (¹¹³).
1460 3139 1631 3216 Phocion
1652 3166 1673 3215 a
1692 3139 1947 3218 Demosthene

363 3289 447 3349 toto
471 3272 619 3372 ingenio
651 3261 876 3341 discedebat.
930 3261 1002 3340 Cui
1027 3290 1111 3339 cum
1136 3261 1337 3366 aliquando
1362 3262 1634 3341 Demosthenes
1661 3263 1822 3341 dixisset:
1857 3266 1947 3359 „Te

364 3395 608 3472 Athenienses
629 3391 779 3469 tandem
802 3387 1036 3483 interficient,
1064 3388 1255 3468 Phocion’'
1300 3388 1444 3484 „Sane
1473 3394 1607 3494 inquit,
1635 3395 1667 3468 si
1686 3396 1882 3488 insaniant3
1908 3410 1945 3470 te

365 3547 469 3613 vero,
496 3525 528 3597 si
552 3546 716 3622 unquam
741 3515 992 3621 resipiscant.”
1006 3518 1095 3616 (¹¹⁴)

407 3836 478 3920 (¹⁰⁹)
508 3838 633 3920 Dionys.
648 3857 693 3900 ars
707 3835 818 3899 rhetor.
832 3833 923 3897 HM:
944 3827 993 3896 uei
1013 3835 1038 3896 si
1057 3825 1201 3903 εὔβουλος
1220 3828 1239 3906 ἢ
1259 3829 1366 3899 δίκαιος
1386 3826 1404 3908 ἢ
1425 3827 1546 3921 σώφρων
1567 3829 1607 3907 εἴη
1628 3830 1666 3896 τὰ
1686 3828 1844 3922 ἇρμὸξοντα
1864 3831 1947 3924 spo'e·

364 3950 440 4010 una,
465 3935 514 4000 sis
541 3931 674 4024 Nimpoe,
699 3962 725 3999 a.
750 3928 952 4008 OsmsrrnAioe,
977 3929 1205 4023 s.'Apscs-sibs1v,
1229 3932 1278 3997 riv
1295 3927 1438 3997 Φωιᾶωνα.
1459 3934 1528 3998 vide
1548 3935 1623 3997 Plut.
1644 3936 1676 3998 in
1696 3936 1756 3998 vita
1775 3936 1866 4001 Phoc.
1888 3938 1946 4002 αθ

366 4064 428 4125 sqq.
450 4040 563 4104 Aelian.
585 4059 645 4100 var.
667 4037 732 4100 hist
753 4034 840 4111 3.1·7;
854 4036 939 4109 tre,
953 4034 1061 4099 1243.

408 4157 479 4238 (¹¹⁰)
511 4158 578 4243 lege
603 4155 827 4219 narratiunculas
852 4176 898 4239 ap.
926 4154 1002 4216 Plut.
1028 4154 1233 4240 apophthegm.
1259 4142 1322 4239 reg.
1349 4168 1381 4219 et
1406 4138 1538 4237 imperat.
1564 4166 1595 4218 et
1620 4155 1650 4216 in
1676 4157 1737 4219 vita
1760 4155 1852 4221 Phoc.
1878 4160 1945 4223 ei.

368 4281 393 4321 c.
405 4259 456 4321 23.
476 4280 502 4321 c.
513 4256 564 4319 21.
585 4257 725 4341 Polyaen.
747 4255 798 4319 lib.
810 4256 839 4318 3.
860 4255 1004 4320 Phocion.
1046 4255 1173 4317 Raumer
1198 4255 1313 4343 proleg.
1340 4255 1376 4318 ad
1402 4255 1568 4319 versionem
1594 4267 1667 4319 orat.
1690 4254 1727 4321 de
1750 4278 1813 4319 cor.
1835 4256 1946 4339 (1811)

367 4370 492 4442 pxxvn
503 4379 546 4438 sq.
568 4356 665 4439 paullo
686 4352 801 4442 gravius
822 4377 888 4418 eum
908 4356 1084 4439 viurperasse
1104 4354 1229 4419 videtur.
1260 4354 1381 4442 vogelii
1401 4354 1488 4418 vitam
1509 4355 1668 4421 Phocionis
1694 4354 1842 4436 (Norimh.
1855 4357 1945 4420 1788.

366 4459 401 4540 8)
423 4457 512 4521 doleo
532 4477 579 4518 me
599 4477 659 4517 non
680 4456 794 4542 legisse.
1115 4442 1119 4451 ’

408 4572 479 4655 (¹¹¹)
510 4574 720 4639 Westermaon
746 4575 812 4638 bist
831 4575 929 4659 eloqu.
950 4574 1006 4638 Gr.
1031 4571 1107 4660 §53
1135 4575 1214 4659 quod
1235 4595 1301 4638 eum
1325 4575 1491 4661 principem
1511 4574 1661 4650 lectionis,
1687 4592 1772 4655 quam
1792 4574 1944 4641 Demostlt

368 4675 491 4752 duxerit,
510 4673 677 4753 collocavit,
698 4695 809 4738 causam
828 4676 917 4739 video
938 4676 1054 4739 nullam.
1122 4744 1127 4749 ,

408 4788 479 4874 (¹³)
509 4793 586 4855 Plut
608 4791 658 4856 vit.
679 4792 766 4856 Deus.
788 4793 998 4860 c12.Aesch
1020 4795 1050 4856 in
1073 4791 1153 4857 Ctes.
1175 4791 1295 4877 p.61.7;
1317 4792 1460 4879 petet.

409 4909 480 4993 (¹¹³)
510 4911 597 4975 Dent.
619 4898 691 4974 blid.
713 4911 907 4994 peso-682.
1061 4911 1132 4993 (¹¹⁴)
1164 4912 1241 4976 Plut.
1260 4912 1313 4976 sit.
1334 4911 1428 4977 Phoc.
1447 4910 1512 4977 od·
1532 4910 1573 4977 el·
1593 4910 1798 4999 posterga
1817 4913 1906 4979 iden

1586 5017 1665 5101 Di
