4636 5940
122 692 133 711 ,
300 606 459 702 sthenes,
488 633 534 683 ex
557 606 992 685 Atheniensium'errimis
1017 604 1187 680 tolleret:
1223 631 1347 680 rursus
1373 609 1412 680 in
1438 605 1721 711 Ctesiphontem
1747 600 1926 697 exstitit·

55 798 74 827 ,..
184 794 218 849 4
297 737 518 829 Aeschines,
554 759 774 837 causamque
806 736 974 809 instituit.
1021 732 1189 808 Incertus
1220 759 1320 824 sum,
1358 731 1529 809 denuone
1562 751 1641 810 tum
1676 728 1900 841 Ctesiphon'
2010 730 2014 735 ’

205 850 221 861 ”
299 867 528 970 rogationem
552 862 692 937 tulerit.
734 861 901 963 Tempus
925 884 1015 936 vero
1038 885 1114 962 quo
1141 859 1210 935 hac
1238 864 1422 936 orationes
1443 861 1589 938 habitae
1611 866 1697 955 sint,
1725 889 1772 973 ex
1795 865 1901 966 ipsa

1 1083 2 1090 ἵ
81 1010 111 1091 ⁸,
168 1026 220 1099 s!
302 992 528 1068 orationibus
544 1005 708 1093 appar-et.
738 988 835 1065 Cum
847 986 980 1093 Pythia
998 1004 1335 1063 commemorentur
1352 991 1536 1080 instantia,
1556 992 1686 1065 tertius
1700 1007 1754 1066 est
1766 1014 1909 1067 annus.
1970 1048 1981 1071 .
2061 982 2074 997 ’

26 1120 35 1135 “
108 1100 120 1119 ”
218 1098 225 1107 ’
301 1115 553 1223 Olympiadis3
587 1131 699 1218 atque
728 1142 824 1190 unus
854 1130 999 1190 tantum
1028 1118 1137 1190 statui
1165 1141 1289 1189 rerum
1319 1118 1488 1216 congruit
1518 1119 1562 1208 is,
1598 1142 1710 1219 quem
1733 1115 1885 1215 tradunt
1927 1218 1930 1223 Ι

300 1247 502 1349 Dionysius
520 1244 608 1343 (²⁹5)
621 1259 666 1343 ,et
685 1241 965 1344 Theophrastus
985 1240 1159 1339 (charact.
1172 1244 1224 1342 7),
1254 1239 1406 1345 Olymp.
1428 1245 1498 1316 112
1519 1245 1568 1339 (a.
1586 1244 1689 1343 330).
1726 1244 1884 1320 Ineunte
1931 1226 1937 1235 ⁹

299 1373 378 1447 fere
404 1364 766 1471 menseecptcmbri
791 1395 825 1442 a.
840 1370 917 1444 330
945 1392 1005 1442 eas
1023 1366 1173 1467 &habites
1199 1393 1277 1443 esse
1302 1366 1421 1443 voluit
1442 1366 1489 1442 R.
1505 1367 1780 1479 Raucheustein
1804 1369 1883 1462 „de
1988 1442 1997 1457 ,

300 1476 470 1601 ternpore
504 1521 580 1598 quo
612 1493 804 1570 Aeschinis
837 1511 875 1569 et
903 1493 1178 1591 Demosthenis
1200 1497 1385 1569 orationes
1416 1493 1705 1599 Ctesiphonteae
1738 1493 1886 1572 habitae

301 1625 669 1700 sinteommentatio.
693 1621 854 1698 Aroviae
870 1618 1005 1709 1835”,
1026 1637 1280 1724 argumentum
1300 1647 1447 1696 sumens
1466 1619 1512 1697 dc
1532 1621 1638 1697 Darii
1659 1638 1779 1698 morte
1797 1623 1886 1723 (²⁹⁶)
2007 1614 2013 1623 ’

111 1850 124 1859 -
186 1762 213 1795 ¹*
303 1769 340 1843 et
365 1749 412 1826 de
437 1748 580 1854 Pythiis
612 1774 689 1823 non
714 1774 801 1824 vere
831 1746 896 1824 sed
928 1765 1128 1825 auctumno
1159 1752 1285 1851 paucis
1312 1726 1442 1824 diebus
1466 1765 1554 1851 post
1579 1749 1721 1825 habitas
1747 1753 1890 1824 oratio··
1939 1756 1963 1829 ζ’·

86 1960 91 1967 ,
243 1932 246 1939 -
301 1905 366 1954 nes
391 1860 598 1953 celebratis.
638 1875 827 1951 Reiutarit
850 1874 951 1950 idem
976 1878 1016 1949 in
1036 1874 1106 1949 bac
1129 1879 1438 1951 commentatione
1455 1874 1790 1968 Westermannum,
1821 1878 1886 1979 qni

301 2004 364 2104 (dc
391 2005 516 2080 litibus
549 2029 638 2106 quas
662 2000 932 2078 Demosthenes
960 2005 1078 2078 orarit
1102 2003 1195 2103 ipse.
1229 2002 1334 2104 Lips.
1361 2003 1479 2095 18:313
1495 1972 1591 2095 'sive
1616 2000 1885 2097 Quaestionum

301 2131 496 2206 Demosth.
520 2128 654 2205 Partic'.
671 2129 758 2229 ΠΙ.)
786 2127 1037 2205 demonstrare
1063 2127 1216 2221 studuit,
1244 2128 1572 2204 Demosthenicam
1592 2127 1797 2205 01.111.s
1819 2128 1884 2205 ha·

302 2260 430 2347 bitam,
458 2255 652 2330 Aeschinis
678 2253 827 2329 demum
854 2252 918 2330 Ol.
939 2257 1064 2329 1123
1091 2265 1266 2356 scriptam
1291 2281 1382 2331 esse.
1424 2253 1570 2350 Quibus
1597 2253 1731 2331 deinde
1757 2272 1887 2331 contra

301 2383 650 2459 Raucbensteinium
676 2379 776 2456 idem
801 2379 1000 2485 disputavit
1023 2380 1252 2479 (zeitschrift
1271 2383 1299 2458 i.
1314 2381 1640 2459 Alterthnmsrriss.
1668 2383 1778 2458 1835.
1802 2380 1883 2459 Hft.

307 2514 368 2608 12)
388 2536 490 2586 suam
510 2513 728 2585 sententiam
748 2533 825 2583 non
845 2511 930 2584 satis
950 2508 1143 2584 stabiliisse
1155 2507 1313 2602 ridetur,
1337 2508 1375 2584 id
1398 2508 1499 2612 quod
1521 2514 1642 2615 ipsum
1653 2508 1886 2585 Doeclrhium

304 2635 426 2712 dicere
452 2639 615 2710 memini.
658 2632 785 2729 Quum
812 2637 909 2710 enim
936 2639 1134 2725 orationes,
1162 2653 1360 2737 postquam
1386 2635 1534 2711 habitae
1558 2653 1656 2728 sunt,
1686 2639 1732 2710 ab
1759 2653 1886 2712 aucto·

304 2765 405 2836 ribus
438 2755 516 2867 πρὸς
547 2754 673 2833 ἔκδοσιν
704 2763 963 2852 scriberentur,
999 2758 1125 2852 fiebat,
1160 2777 1202 2835 ut
1226 2760 1406 2836 nonnulla
1435 2765 1474 2835 in
1504 2760 1562 2835 bis
1592 2786 1670 2836 non
1701 2750 1795 2836 satis
1816 2763 1888 2837 sibi

304 2882 584 2990 responderent.
625 2882 707 2959 Nec
731 2889 919 2977 miremur,
947 2885 1168 2961 Aeschinem
1191 2886 1306 2961 multa
1331 2911 1473 2980 eorum,
1503 2914 1597 2991 qrrae
1615 2887 1888 2965 Demosthenes

305 3014 468 3089 dicturus
495 3029 602 3104 esset,
631 3014 703 3085 iam
727 3014 766 3085 in
790 3035 855 3085 sua
882 3015 1048 3085 oratione
1073 3016 1330 3113 proposuisse3
1358 3040 1519 3116 namque
1539 3041 1581 3090 ea
1603 3040 1697 3118 quae
1718 3016 1812 3091 alter
1834 3015 1887 3090 al·

304 3160 424 3217 terum
451 3140 638 3242 arguebat,
668 3140 806 3212 crebris
830 3137 1063 3212 sermonibus
1089 3135 1239 3239 publice
1263 3141 1432 3240 usurpari
1457 3138 1641 3215 solebant.

448 3264 554 3361 Quae
580 3288 639 3339 res
664 3268 748 3366 ipso
774 3262 849 3340 hoc
873 3280 1043 3367 tempore
1068 3263 1290 3338 Aeschinem
1316 3270 1559 3342 commoverit
1584 3264 1630 3340 ad
1654 3292 1798 3342 causam
1823 3268 1888 3344 de-

305 3419 381 3470 nuo
406 3390 688 3496 suscipiendam,
717 3390 813 3465 hanc
839 3415 916 3465 esse
941 3391 1112 3464 arbitror.
1152 3388 1280 3485 Quum
1304 3395 1404 3466 euim
1421 3392 1578 3468 Athenis
1599 3409 1677 3468 tum
1696 3394 1821 3497 plures
1840 3396 1887 3470 ab

306 3526 350 3596 iis
376 3524 440 3622 qui
466 3544 485 3594 a
512 3520 678 3621 partibus
697 3516 959 3599 Demosthenis
985 3518 1142 3609 stabant,
1171 3521 1209 3592 in
1235 3521 1291 3593 ius
1313 3522 1452 3610 vocari,
1480 3535 1592 3622 atque
1615 3523 1793 3622 imprimis
1812 3520 1888 3626 Ly·

308 3674 421 3750 curgo
448 3646 603 3748 aliisque
629 3645 839 3721 auctoribus
864 3646 1006 3746 gravius
1031 3647 1071 3718 in
1097 3667 1161 3719 eos
1189 3645 1332 3721 consuli
1351 3644 1512 3737 vidisset,
1543 3648 1608 3748 qui
1627 3663 1797 3749 tempore
1817 3673 1888 3751 prr·

307 3801 398 3878 gnae
415 3773 712 3854 [Chaeroneensis
728 3773 821 3848 urbe
839 3770 967 3847 relicta
983 3772 1120 3885 opibus
1137 3775 1211 3847 suis
1228 3771 1413 3848 servandis
1426 3798 1579 3876 operam
1591 3771 1778 3850 dedissent
1790 3777 1888 3877 (²⁹⁷),

349 4070 421 4153 (²⁹⁵)
452 4094 498 4154 ep.
514 4073 549 4133 ad
563 4072 658 4134 Amm.
674 4067 748 4156 §rss'
770 4095 836 4136 cum
859 4073 1063 4137 emendatione
1083 4073 1210 4138 Bentleii
1231 4075 1268 4137 de
1284 4074 1437 4136 Phalaride
1458 4074 1563 4157 psit.
1582 4076 1663 4158 Lips.

350 4187 420 4272 (¹⁹⁶)
451 4189 566 4251 Arriam
581 4190 701 4265 11122,
719 4190 753 4253 3:
781 4191 903 4253 Darium
928 4193 1134 4276 interemptum
1161 4215 1222 4256 esse
1250 4185 1294 4254 ivri
1319 4184 1462 4279 ἄρχοντος
1480 4190 1647 4265 Ἀθηναίοις
1665 4191 1889 4278 Ἀριποφῶντος

308 4290 392 4366 μηνὸς
411 4283 661 4360 Ἑκατομβαιῶνος
682 4291 772 4370 (Iulio
793 4291 915 4371 s.330).

352 4410 422 4492 (W)
455 4410 616 4493 Autolycus
637 4430 653 4470 s
673 4410 811 4496 Lycurgo
834 4411 966 4474 oratione
988 4425 1133 4475 accusatus
1154 4413 1190 4474 sb
1210 4411 1369 4495 Amopago
1391 4412 1539 4479 damnatur
1560 4423 1627 4494 post
1646 4432 1770 4498 pugnarn
1792 4413 1888 4480 Chae-

311 4534 377 4574 ron.
393 4525 423 4574 et
438 4525 503 4575 ante
517 4512 668 4574 Leocratis
682 4532 795 4574 causam
815 4511 854 4592 (a.
866 4512 953 4592 330).
974 4513 1032 4574 rid.
1048 4514 1191 4595 Harpocr.
1206 4506 1377 4575 Αὔτέλυκος.
1399 4513 1452 4574 clr.
1467 4513 1594 4598 Lycurgi
1616 4534 1660 4574 or.
1674 4515 1705 4575 in
1719 4514 1825 4577 Leocr.
1837 4517 1887 4580 1³.

312 4609 433 4675 Clintorr
453 4614 712 4696 r'.1{.p.161.·-
725 4611 921 4699 Aristogiton,
942 4613 992 4694 qni
1014 4613 1172 4697 Hyperidis
1193 4613 1377 4698 rogationem
1397 4614 1478 4676 illico
1499 4624 1572 4696 post‘
1587 4635 1711 4699 pugnam
1726 4613 1831 4679 Chaer.
1845 4618 1888 4680 la·

310 4723 369 4772 tam
389 4709 556 4797 παρανόμων
577 4725 772 4792 accusaverat,
793 4735 809 4775 a
828 4714 965 4798 Lycurgo
988 4725 1018 4775 et
1038 4735 1054 4775 a
1074 4714 1272 4778 Demosthene
1294 4717 1389 4792 (sane;
1416 4715 1469 4777 etsi
1490 4715 1587 4797 spuria
1607 4716 1645 4777 sit
1665 4714 1801 4778 alterutra
1820 4739 1889 4780 ora·

311 4813 353 4874 tio
376 4811 528 4874 Demosth.
549 4814 608 4875 rid.
623 4816 721 4878 sante
743 4813 1022 4897 vit.Dem.p.109)
1043 4815 1074 4876 in
1095 4816 1138 4878 ius
1159 4827 1288 4879 vocatur.
1320 4815 1411 4877 Panlo
1432 4826 1497 4878 ante
1518 4812 1755 4897 Ctesiphontem
1778 4839 1889 4883 causam

311 4912 469 4976 Leocrates
490 4932 506 4973 a
524 4915 663 5001 Lycurgo
684 4936 751 4978 reus
773 4914 869 4978 lactus
884 4915 948 4997 pari
969 4914 1146 4979 calculorum
1166 4937 1288 4981 numero
1310 4914 1481 4981 absolvitur:
1503 4916 1561 4983 rid.
1575 4915 1648 5000 Lyc.
1662 4917 1693 4979 in
1705 4916 1812 4982 Leocr.
1834 4919 1888 4984 cir.
