4636 5940
367 695 479 774 quam
506 673 545 743 in
572 672 738 744 oratione
765 665 857 743 dixit
879 665 1165 758 Demosthenes,
1198 669 1435 770 Areopagum
1458 678 1542 746 ism
1568 674 1720 746 sensisse
1747 672 1831 771 (cfr.
1852 672 1944 779 Ulp.

365 796 483 872 schol.
505 794 550 870 ad
576 796 615 870 h.
635 795 690 892 l).
733 795 864 897 Itaque
886 792 1078 895 Antiphon
1096 797 1288 868 'cruciatus
1308 809 1345 869 et
1365 812 1530 871 extremo
1551 798 1734 901 supplicio
1756 801 1949 877 mulctatus

366 939 433 998 est.
474 920 635 997 Deinde·
646 912 771 1021 (πόλιν.
789 920 919 1019 Dem.)
942 919 1142 994 Aeschines
1170 920 1494 1025 comprehenditur
1520 950 1604 999 cum
1622 925 1806 1019 Anaxino,
1837 952 1949 1030 quem

365 1049 636 1125 Demosthenes
664 1046 814 1150 quidem
837 1051 1061 1122 emissarium
1081 1046 1246 1151 Philippi
1268 1072 1311 1123 ac
1331 1048 1600 1152 speculatorem
1620 1051 1719 1145 facit,
1748 1052 1949 1129 Aeschines

366 1201 504 1252 merces
525 1172 739 1280 Olympiadi
761 1174 928 1279 Philippi
952 1178 1059 1250 uxori
1085 1190 1307 1278 empturum,
1339 1175 1571 1280 eundemque
1594 1176 1736 1253 Oritam
1764 1180 1948 1285 hospitem

366 1319 402 1379 et
422 1305 491 1379 sibi
513 1321 549 1378 et
568 1305 639 1406 ipsi
656 1302 900 1378 Demostheni
921 1301 1030 1376 luisse
1052 1304 1114 1374 ait.
1145 1300 1233 1393 Quo
1253 1301 1390 1376 factum
1410 1319 1464 1377 est
1481 1319 1535 1396 ut,
1559 1331 1642 1378 cum
1660 1305 1945 1400 Demosthenes,

365 1446 406 1505 ut
432 1435 462 1504 is
488 1433 607 1532 capite
639 1428 889 1522 mulctaretur,
925 1429 1080 1521 tulisset,
1118 1427 1279 1530 ideoque
1306 1431 1353 1503 ab
1379 1429 1562 1506 Aeschine
1590 1432 1773 1535 parricida
1800 1449 1950 1509 vocatus

363 1555 457 1630 illud
484 1581 524 1630 se
550 1555 663 1631 salem
687 1558 790 1632 urbis
817 1557 933 1658 pluris
958 1554 1096 1631 habere
1123 1579 1247 1629 mensa
1272 1555 1447 1659 hospitali
1468 1555 1627 1650 dixisset,
1656 1560 1790 1663 populi
1810 1584 1949 1634 corona

257 1702 260 1709 ·
366 1710 450 1758 cum
476 1681 727 1785 indignatione
753 1699 791 1757 et
816 1683 965 1758 fremitu
991 1683 1250 1760 conclamaret.
1291 1682 1375 1757 Huc
1400 1684 1516 1758 allero
1541 1710 1596 1777 ea,
1628 1712 1720 1788 quae
1739 1685 1949 1760 Dinarchus

364 1809 468 1909 (1.1.)
493 1808 624 1903 tradit3
653 1808 893 1885 deAnaxino
916 1811 1003 1908 (²⁶⁰)
1029 1808 1090 1883 hic
1115 1808 1350 1911 cogitandum
1375 1834 1454 1885 esse
1478 1827 1566 1914 post
1592 1817 1817 1887 mentionem
1843 1813 1947 1886 Anti·

364 1936 515 2040 phontis
541 1936 673 2012 factam
698 1952 814 2039 patet.
856 1934 1073 2010 Persuasum
1100 1936 1208 2009 nobis
1229 1935 1369 2012 habere
1390 1936 1490 2029 licet,
1518 1938 1760 2030 Dinarchum,
1790 1943 1820 2013 si
1840 1963 1948 2015 neca·

365 2081 422 2139 tus
444 2081 539 2139 esset
558 2068 626 2138 iste
647 2063 831 2141 Archinus
851 2089 915 2137 seu
936 2064 1059 2166 potius
1081 2063 1282 2156 Anaxinus,
1309 2061 1346 2137 id
1368 2063 1550 2139 dicturum
1572 2065 1696 2141 fuisse.
1726 2060 1819 2141 Silet
1840 2068 1949 2140 etiam

363 2189 649 2265 Demosthenes.
690 2187 795 2265 Urbe
822 2193 930 2292 igitur
956 2186 1105 2264 decreto
1132 2206 1277 2265 senatus
1303 2191 1476 2293 expulsus
1502 2208 1556 2265 est
1578 2195 1779 2283 Anaxinus,
1810 2196 1949 2296 quippe

367 2319 444 2418 qui,
469 2312 702 2419 quorundam
722 2320 855 2392 civium
875 2316 1027 2415 sortasse
1048 2318 1157 2390 etiam
1171 2315 1374 2390 Thrasonis
1392 2314 1528 2418 hospes
1547 2319 1798 2419 merciumque
1818 2314 1948 2419 Olym·

366 2440 467 2545 piadi
493 2438 730 2519 emendarum
757 2467 864 2519 causa
888 2446 927 2516 in
951 2440 1044 2523 arbe
1069 2458 1244 2534 versatus,
1273 2441 1393 2516 facile·
1406 2457 1594 2545 suspectus
1620 2440 1700 2516 fieri
1725 2459 1851 2545 posset
1871 2436 1948 2517 De·

366 2570 550 2645 mostheni
574 2569 747 2672 aliisque3
776 2594 935 2672 namque
962 2567 1179 2644 omnimodo
1203 2564 1377 2642 Aeschini
1403 2562 1642 2642 insidiabatur
1661 2568 1946 2645 Demosthenes.

367 2696 500 2798 Neque
533 2712 666 2797 urgent
699 2720 767 2769 nos
798 2696 910 2770 rerba
935 2692 1128 2769 Aeschinis
1160 2683 1438 2802 δναστρεβλῶτας
1463 2696 1501 2790 τῇ
1528 2696 1652 2770 ταντνῢ
1676 2691 1765 2804 χειρὶ
1790 2688 1951 2805 ἔγραψας

365 2814 507 2916 θανάτῳ
536 2820 718 2914 ζημιῶσαι,
749 2846 844 2925 quae
868 2818 1029 2896 studium
1055 2816 1169 2895 modo
1194 2820 1457 2896 Demosthenis
1484 2847 1568 2895 eum
1583 2820 1837 2898 ‘interficiendi
1860 2821 1950 2897 else·

366 2966 472 3041 runt,
499 2973 622 3052 neque
648 2952 767 3023 minus
792 2946 888 3024 istud
904 2964 1043 3051 postea
1068 2940 1259 3033 ἀπέκτεινας
1283 2945 1328 3022 ad
1354 2948 1492 3024 litteras
1518 2945 1736 3050 exigendum
1762 2965 1829 3039 est,
1865 2976 1950 3024 cum

367 3074 413 3151 de
440 3076 611 3151 conlecto
639 3075 790 3151 homine
816 3074 924 3145 facile
951 3072 1106 3171 intelligi
1131 3074 1261 3172 possit,
1298 3068 1610 3172 quemadmodum
1636 3064 1798 3145 ἀτὸλωλα
1823 3089 1860 3147 et
1886 3101 1949 3149 co·

367 3207 503 3277 micum
528 3195 621 3271 illud
642 3189 837 3302 sssioasopos
863 3194 906 3271 uis
927 3185 1116 3266 ἀπόλλυται
1141 3193 1286 3296 aliaque
1307 3212 1344 3269 et
1365 3199 1485 3298 ipsum
1506 3195 1599 3271 illud
1619 3196 1950 3276 Demosthenicum

275 3335 278 3343 '
368 3317 524 3433 ἀνῄρηκας
550 3325 656 3396 initio
683 3347 739 3396 or.
763 3348 799 3393 rr.
819 3348 965 3430 roparp.

506 3450 637 3552 Itaque
661 3448 869 3552 Antiphon,
900 3474 920 3523 e
946 3474 1041 3552 pago
1068 3474 1135 3522 suo
1162 3447 1200 3523 in
1228 3474 1338 3551 quem
1366 3446 1456 3525 dolo
1481 3453 1685 3555 irrepsisset
1711 3469 1845 3545 motus,
1875 3456 1949 3530 sive

368 3579 571 3684 inquilinus
591 3580 629 3651 in
646 3578 739 3652 urbe
759 3578 890 3650 mansit
906 3600 1025 3678 penso
1039 3577 1179 3652 tributo
1196 3574 1471 3679 inquilinorum,
1492 3581 1565 3654 sire
1579 3578 1734 3654 Athenis
1748 3582 1837 3654 abiit
1850 3583 1951 3680 (²⁶¹),

337 3750 340 3757 .
368 3705 470 3810 quod
502 3706 626 3780 malim
658 3729 679 3778 e
710 3704 832 3779 verbis
856 3701 1139 3796 Demosthenis,
1174 3720 1252 3778 tum
1283 3707 1322 3777 in
1353 3706 1482 3778 urbem
1513 3729 1697 3807 regressus
1722 3724 1821 3782 totus
1849 3724 1949 3783 certe

344 3835 436 3907 ‘sub
468 3833 610 3934 legibus
635 3830 820 3934 plenaque
845 3828 1126 3905 Atheniensium
1152 3833 1317 3933 potentia
1346 3848 1444 3923 erat3
1480 3816 1549 3905 n'ee
1575 3836 1721 3921 mirum,
1758 3837 1948 3935 quantavis

369 3960 552 4036 calamitas
585 3961 619 4033 ei
651 3957 749 4032 illata
780 3961 843 4050 sit,
880 3955 1012 4031 ultimo
1043 3956 1226 4061 supplicio
1258 3958 1305 4032 ab
1330 3956 1617 4033 Atheniensibus
1648 3958 1747 4034 hune
1774 3959 1947 4036 affectum

369 4113 459 4164 esse.
502 4085 640 4161 Verum
665 4082 853 4159 Anaxinus
880 4081 1001 4176 Orita,
1030 4084 1236 4186 negotiator
1261 4087 1385 4158 uxoris
1410 4082 1588 4189 Philippi,
1619 4088 1783 4188 quamvis
1807 4083 1948 4163 Demo·

368 4213 487 4288 stheni
512 4230 550 4288 et
574 4217 617 4288 iis
645 4214 779 4315 quibus
803 4210 872 4288 hic,
888 4226 1116 4314 persuaserat
1136 4226 1340 4315 suspectus,
1369 4229 1492 4287 tamen
1512 4238 1744 4315 nequaquam
1766 4215 1812 4287 ab
1832 4214 1948 4289 Athe·

369 4340 557 4414 aiensibus
591 4338 791 4415 trucidatus
826 4360 903 4412 esse
936 4351 1107 4441 putetur3
1148 4336 1211 4412 sed
1245 4343 1370 4442 potius
1402 4339 1506 4413 bono
1538 4343 1662 4414 animo
1695 4344 1734 4412 in
1766 4338 1948 4413 honorem

411 4550 482 4630 (¹⁶⁰)
513 4543 658 4634 Droysen.
679 4555 774 4635 psas
793 4551 946 4636 Ἀναξῒνον
968 4577 1023 4636 pro
1043 4551 1177 4642 Ἀρχῖνον
1204 4530 1352 4616 emendari
1372 4554 1448 4629 vult,
1475 4573 1643 4635 quamquam
1665 4571 1711 4614 res
1732 4552 1817 4614 aliter
1836 4564 1948 4616 nsrrsts

374 4668 458 4718 esset
493 4654 605 4715 Tamen
626 4674 685 4715 non
707 4676 779 4737 opus
801 4666 846 4717 est
866 4655 1078 4730 emendatione,
1100 4676 1165 4716 cum
1185 4666 1233 4716 tot
1252 4655 1331 4716 aunis
1352 4652 1561 4737 praetermissis
1581 4652 1645 4713 lieri
1666 4664 1776 4735 posset,
1795 4666 1828 4714 ut
1840 4653 1947 4716 Dinar-

370 4754 439 4816 chus
466 4775 572 4817 nosnsn
601 4752 683 4815 huius
709 4754 766 4817 riri
791 4756 859 4817 slias
885 4755 1002 4818 obscuri
1029 4754 1104 4816 haud
1130 4755 1196 4818 sstis
1222 4767 1355 4822 aecurste
1376 4753 1515 4816 memoria
1535 4764 1665 4825 tenerem
1692 4754 1862 4835 prasertim
1882 4776 1947 4817 αιαα

371 4855 453 4937 prior
474 4854 621 4935 utrimque
642 4854 724 4916 vocis
744 4875 809 4937 psss
831 4877 847 4917 e
868 4857 1036 4938 synonymis
1057 4854 1152 4920 verbis
1173 4855 1300 4918 derivas
1320 4855 1367 4918 sit

411 4971 482 5053 (Μ)
513 4973 609 5035 Meier
629 4972 666 5035 de
687 4971 772 5036 bouis
793 4972 918 5036 dsmnat.
939 4996 968 5057 p.
977 4973 1027 5036 86.

1589 5076 1666 5153 KQ

2084 574 2103 615 sp
