4636 5940
1226 390 1284 480 34

465 589 550 664 thus
580 587 668 660 urbs
700 583 866 659 nondum
898 599 992 659 esset
1017 598 1239 686 expugnata,
1274 598 1317 659 ut
1341 600 1571 660 servarentur
1595 583 1681 661 illae
1706 590 1975 688 possessiones,
2010 593 2042 664 si

466 736 593 787 omnes
624 710 777 803 Graeci,
813 710 942 785 saltem
967 708 1231 813 Peloponnesii
1262 735 1346 784 cum
1369 709 1655 786 Atheniensibus
1687 716 1876 789 coniuncti
1900 713 2043 790 bellum

465 863 589 942 gerere
620 837 771 915 vellent.
824 837 1025 913 Aeschines
1048 834 1278 938 Megalopoli
1309 852 1436 911 contra
1461 836 1728 942 Hieronymum
1753 836 1920 945 Philippi
1945 840 2042 945 lega·

464 983 543 1042 tum
575 965 722 1040 locutus
754 979 819 1041 est.
874 964 926 1040 At
949 963 1094 1038 stustra.
1150 959 1252 1038 Odio
1279 966 1377 1037 enim
1401 960 1779 1040 Lacedaemoniorum
1804 969 1945 1044 incensi
1970 970 2042 1043 Ar·

465 1090 572 1169 cades
597 1090 763 1195 Philippi
788 1094 975 1194 promissis
1001 1115 1105 1166 aures
1131 1115 1213 1164 suas
1238 1091 1430 1199 praeirent.
1485 1090 1583 1166 Tum
1609 1107 1769 1167 extrema
1794 1119 1877 1196 spes
1902 1096 2044 1171 abiecta

466 1236 520 1294 est
551 1222 682 1294 acriter
709 1217 900 1292 resistendi
931 1213 1211 1291 Macedonibus.
1264 1217 1324 1289 Ab
1358 1214 1432 1292 hoc
1462 1235 1631 1321 tempore
1661 1245 1850 1321 nunquam
1883 1219 2039 1314 bellum,

465 1348 641 1419 continuo
668 1368 796 1445 pacem
822 1341 962 1417 suadet.
1015 1342 1100 1445 Ipse
1127 1367 1271 1416 causam
1297 1340 1392 1416 hanc
1416 1342 1624 1446 profitetur:
1653 1338 1719 1434 ἐγώ
1740 1340 1774 1419 δ
1792 1348 1823 1419 ἐν
1841 1340 1895 1436 μὲν
1914 1348 1961 1440 τῷ
1980 1374 2040 1420 νιν·

464 1463 553 1564 λε’μῳ
580 1465 744 1556 συνίστην,
775 1466 862 1542 καθ’
890 1460 965 1542 ’ὅσον
989 1457 1025 1555 ἦν
1054 1461 1196 1551 δαναπόν,
1219 1458 1380 1576 ’Aeacidas
1405 1464 1461 1541 sui
1484 1463 1559 1546 παδς
1584 1461 1704 1548 ἄλλους
1720 1461 1884 1559 Ἕλληνας
1908 1469 1960 1545 ἐπὶ
1985 1467 2041 1544 Φί-

465 1608 602 1679 λιππον,
640 1590 761 1672 οὐδενὸς
788 1590 821 1668 δ’
848 1586 1030 1703 ἀνθρώπια
1054 1594 1357 1701 ἕπιιιιυραῢννιςνῇ
1390 1585 1494 1677 πέλει,
1524 1595 1589 1669 τῶν
1616 1590 1649 1669 δὲ
1673 1590 2041 1706 σννεπισνρανευὸννιιν,

465 1709 529 1797 τῶν
555 1719 588 1797 δ’
612 1725 644 1796 ἓν
669 1722 707 1820 τῇ
733 1713 825 1796 πὸλει
848 1714 985 1830 ῥητόρων
1010 1714 1155 1828 χορηγὸν
1181 1724 1255 1798 ταῖς
1280 1718 1369 1794 καθ’
1393 1714 1511 1829 ἡμέραν
1526 1713 1697 1800 ’δαπάναις
1721 1716 1775 1797 riv
1801 1715 1943 1814 πόλεμον
1969 1752 2041 1807 πιι-

468 1844 614 1941 ιυμὲνιιν,
646 1849 796 1941 ὁμολογῶ
823 1837 1079 1949 συμβουλεῦσαι
1102 1846 1149 1942 τῷ
1174 1838 1265 1942 &up
1290 1839 1523 1922 διαλύσασθαι
1547 1845 1627 1956 πρὸς
1650 1843 1810 1922 Φίλιππον
1836 1847 1891 1923 nui
1915 1845 1973 1937 riv
1999 1854 2042 1924 εἰ·

422 2064 428 2077 μ
462 1969 554 2086 ριὶνιιν
574 1967 794 2056 ,συνθέσθαι
826 1967 912 2081 (περέ
936 1963 1064 2081 πρεαβ,
1090 2000 1129 2077 p.
1139 1974 1201 2047 38.
1211 1975 1259 2051 27
1277 1978 1369 2075 sq.).
1386 1976 1476 2072 (¹³⁷)
1528 1975 1613 2051 Hoc
1644 1974 1807 2051 studium
1833 1975 2039 2079 tranquilli-

465 2105 549 2177 tatis
573 2099 660 2179 inde
686 2126 755 2205 per
779 2116 895 2175 totam
920 2104 1032 2177 vitam
1055 2098 1259 2174 Aeschines
1284 2101 1462 2201 sequium,
1497 2101 1662 2205 neglecta
1687 2127 1909 2204 unaquaque
1934 2127 2041 2176 causa

465 2226 558 2304 belli
583 2230 693 2303 etiam
717 2244 810 2321 tum,
840 2254 955 2330 quum
979 2251 1038 2302 res
1062 2227 1273 2328 inopinatae
1294 2228 1504 2330 civitatique
1521 2228 1802 2304 Atheniensium
1819 2227 2043 2304 adversariae

466 2382 487 2431 a
512 2353 690 2459 Philippo
716 2349 949 2458 gerebantur3
975 2357 1128 2458 ipseque
1152 2351 1424 2430 Demosthenes
1450 2379 1535 2430 eum
1560 2359 1666 2434 novit
1689 2352 1918 2431 laudatorem
1942 2357 2043 2457 pacis

467 2487 521 2580 (π.
548 2510 694 2590 παραπρ.
719 2484 847 2584 pest
863 2486 955 2582 sq.).

605 2608 736 2709 Itaque
763 2632 878 2709 quum
903 2621 1055 2681 conatus
1080 2605 1145 2680 ille
1170 2603 1429 2681 commovendi
1445 2603 1752 2710 Peloponnesios,
1781 2627 1823 2685 ut
1839 2634 1963 2684 secum
1978 2606 2042 2683 ad-

466 2873 602 2955 (Aesch.)
622 2871 712 2935 ἆπιιδν
732 2877 782 2954 (ex
802 2874 940 2956 Arcadia)
964 2871 1129 2961 Ἀτρεστίδᾳ
1153 2873 1232 2963 παρὰ
1258 2870 1397 2936 Φιλίππου
1418 2867 1589 2963 παρευνμῖνῳ
1610 2869 1658 2938 sai
1678 2875 1737 2949 μετ’
1757 2876 1848 2940 αὐτοῦ
1867 2870 1976 2957 γύναια
1994 2869 2044 2938 uei

466 2969 604 3063 παιδάρια
624 2975 662 3040 uie
682 2969 830 3062 speciatum
855 2968 998 3050 βαδίζειν,
1025 3009 1065 3024 -
1092 2973 1186 3050 ἐπειδὴ
1209 2968 1240 3039 di
1261 2975 1394 3047 ἆιιιῦσαι,
1414 2970 1455 3037 δτι
1478 2972 1661 3063 'Argeo-vidue
1685 2973 1763 3063 stapsi
1785 2984 1846 3038 Φιλ.
1867 2982 1922 3038 τῶν
1939 2975 2044 3037 Ὀλυν-

467 3071 542 3138 θιάν
562 3068 739 3158 αἰχμάλωτα
759 3073 865 3164 δωρεὰν
885 3081 977 3137 ταῦτα
997 3068 1078 3158 ἔχων
1098 3069 1258 3163 ἀπέρχεται
1277 3086 1391 3147 mnis„
1411 3076 1492 3138 loeus
1513 3076 1561 3137 hic
1582 3099 1642 3140 non
1662 3089 1805 3162 repugnat
1822 3079 1950 3161 tempori
1963 3079 2044 3160 quod

467 3177 557 3240 modo
584 3179 651 3240 dixi.
692 3177 766 3239 Nam
790 3168 940 3239 Ὀλύνθιοι
965 3199 1021 3259 pro
1039 3176 1309 3251 ¹Chalcidicensibns
1329 3177 1493 3259 saepissime
1516 3175 1650 3239 dicuntur
1676 3177 1758 3257 (vide
1779 3179 1904 3240 Vosmel
1925 3179 1944 3238 l.
1957 3179 1992 3259 Ι.)
2015 3190 2045 3239 et

468 3280 532 3341 vice
559 3299 649 3341 versa.
693 3275 832 3361 Captivos
854 3291 948 3340 autem
969 3299 1004 3338 ex
1025 3276 1141 3360 oppidis
1162 3273 1344 3338 Chalcidiccs
1365 3287 1506 3360 vergente
1527 3296 1604 3338 anno
1625 3291 1729 3358 quarto
1751 3277 1800 3341 Ol.
1813 3277 1874 3340 107
1894 3277 2045 3361 Philippus

329 3440 350 3469 ρ,
468 3378 591 3441 habehat
610 3378 726 3456 multos,
752 3399 825 3459 quos
846 3377 908 3438 aliis
928 3378 1041 3438 muneri
1063 3377 1131 3438 dare
1152 3389 1275 3457 poterat.
1317 3375 1377 3436 Ant
1397 3376 1421 3436 si
1442 3396 1503 3436 non
1523 3375 1566 3439 vis
1588 3373 1832 3454 Chalcidicum,
1853 3378 1917 3441 lieri
1937 3379 2045 3461 potuit,

468 3491 500 3542 ut
514 3492 686 3562 caperentur
699 3480 730 3540 in
744 3479 843 3562 priore
857 3476 1038 3559 proeliorum
1053 3496 1117 3536 cum
1133 3473 1254 3556 Olynthi
1269 3473 1380 3536 civibus
1395 3473 1623 3550 commissorum,
1645 3476 1724 3554 quod
1738 3477 1820 3554 (vide
1834 3489 1933 3539 notam
1947 3478 2045 3559 paullo

469 3580 653 3661 inferiorem)
676 3590 797 3642 exeunte
817 3599 892 3639 anno
915 3571 1073 3638 01.107.t
1093 3586 1142 3635 ant
1161 3575 1279 3637 ineunte
1301 3573 1397 3656 primo
1419 3572 1536 3636 Ol.108
1560 3573 1743 3635 commissum
1763 3588 1815 3636 est
1849 3574 1978 3651 Quodsi
1992 3596 2044 3636 ve-

469 3681 520 3757 lis,
547 3680 655 3765 legatio
681 3679 753 3742 haec
774 3677 926 3741 Aeschinis
953 3675 1048 3738 eidem
1068 3675 1195 3755 tempori
1216 3674 1384 3759 assignanda
1405 3687 1457 3736 est.
1499 3671 1540 3735 At
1560 3693 1625 3735 cum
1641 3671 1785 3754 Olynthus
1805 3671 1873 3735 urbs
1893 3686 1961 3755 post
1979 3695 2042 3735 me-

366 3827 376 3855 .
469 3781 549 3843 dium
569 3801 673 3842 annum
694 3781 826 3872 primum
839 3776 961 3840 01.108
988 3788 1070 3873 capta
1096 3788 1140 3838 est
1165 3775 1245 3856 (vide
1266 3775 1385 3856 supra),
1413 3795 1471 3855 qno
1497 3785 1631 3855 tempore
1652 3770 1709 3834 iam
1730 3775 1766 3835 de
1788 3794 1859 3856 pace
1880 3772 2042 3836 Athenien-

407 3883 409 3889 ’
468 3882 542 3942 sium
563 3902 628 3943 eum
639 3880 787 3997 'Philippo
807 3863 932 3941 iucunda
952 3877 1057 3961 agium,
1078 3898 1139 3938 non
1159 3889 1221 3938 tum
1243 3875 1357 3937 demum
1371 3873 1530 3937 Aeschines
1551 3871 1691 3957 legatus
1682 3895 1712 3933 m
1732 3873 1967 3957 Peloponnesum
1982 3896 2044 3937 esse

468 3981 579 4064 potuit;
599 3981 649 4060 qui
669 3981 693 4040 si
715 4001 775 4041 non
795 3977 917 4040 Athenis
938 3989 999 4038 taam
1020 3997 1155 4060 praesens
1177 3975 1287 4055 fuisset,
1313 3977 1404 4039 semel
1425 3989 1508 4038 certo
1529 3985 1561 4035 ut
1581 3972 1769 4056 profiteretur
1789 3973 1945 4035 absentium
1966 3995 2044 4035 suam

402 4113 404 4116 >
468 4099 587 4142 necesse
609 4091 695 4155 esset,
716 4079 824 4161 quippe
846 4079 896 4159 qui
917 4077 1123 4164 contenderet,
1149 4099 1210 4139 non
1230 4099 1262 4140 se
1282 4087 1344 4138 tum
1365 4077 1536 4192 participem
1557 4074 1643 4137 lineae
1664 4073 1743 4157 pacis
1764 4070 1923 4148 faciendae,
1943 4095 2044 4136 verum
2174 4124 2177 4129 .

470 4179 564 4244 solnm
578 4178 816 4241 Demosthenem.
838 4179 951 4240 Tamen
963 4178 1036 4240 mhrl
1050 4178 1087 4240 de
1101 4177 1158 4241 hoc
1174 4179 1254 4256 dixit,
1276 4177 1355 4261 quod
1369 4176 1534 4261 gravissima
1555 4195 1637 4238 causa
1658 4175 1686 4237 ei
1708 4183 1780 4247 erat,
1800 4192 1861 4233 non
1882 4193 1913 4234 se
1933 4174 2044 4236 socium

470 4277 672 4344 Philocratis
662 4301 693 4340 m
713 4298 785 4362 pace
805 4278 937 4341 facienda
958 4279 1054 4341 luisse
1089 4280 1297 4341 Erravernnt
1287 4279 1377 4363 agitur
1397 4275 1447 4356 qni
1468 4287 1536 4358 post
1555 4287 1667 4359 captam
1688 4259 1848 4354 Olynthum
1869 4274 2045 4358 legationem

470 4381 543 4446 hanc
564 4380 911 4466 posuemntWiniewski
931 4379 1173 4463 pwtrssptso
1193 4380 1319 4443 Weiske
1340 4376 1373 4437 P.
1384 4376 1423 4436 11.
1437 4374 1657 4460 p.1..3etp49
1678 4372 2044 4458 Βααὶανίιῦεαιρ,7,8
2164 4391 2165 4394 ’

513 4487 584 4570 (¹³²)
616 4488 679 4550 cfr.
701 4488 803 4552 similia
825 4487 861 4550 de
882 4484 935 4549 hac
956 4508 989 4549 re
1008 4486 1116 4568 apud
1106 4509 1200 4569 ipsum
1220 4483 1449 4549 Demosthenem
1470 4483 1507 4547 de
1529 4504 1591 4545 cor.
1613 4482 1719 4565 psat:
1739 4479 1851 4540 Ἤνιιῖν
1871 4472 1967 4542 ἄλλων
1978 4482 2045 4541 Ἑλ-
2119 4476 2122 4482 ’
2237 4563 2259 4579 -

471 4578 522 4658 λῆν
509 4612 560 4646 ννω
581 4615 702 4650 -ειτε
728 4614 786 4676 «χρη
814 4583 914 4649 κακίαν
901 4581 1029 4647 vi’cer
1009 4578 1128 4666 ismaro
1149 4580 1203 4647 eisc
1222 4578 1271 4648 uui
1263 4579 1438 4669 crippus-spa
1457 4581 1538 4644 ’ταῦτ’
1559 4580 1653 4654 ιιπιιν,
1680 4572 1705 4642 oi
1723 4575 1843 4653 πόλεμον
1863 4584 1979 4660 osmugi
1996 4574 2045 4642 nai

472 4683 575 4770 μακρὸν
594 4685 789 4806 uoisuosivyuv
776 4689 895 4760 vitudu,
920 4679 968 4748 uei
988 4711 1087 4748 τουτον
1107 4678 1176 4773 desig
1196 4692 1251 4748 vois
1277 4711 1352 4766 ιιιινιι
1374 4689 1448 4746 πᾶσι
1450 4673 1676 4804 διαφερόντων,
1702 4706 1740 4746 αις
1759 4675 1834 4768 ἔργῳ
1854 4677 1974 4767 φανερνν
1995 4672 2045 4760 ‹yi-

454 4787 564 4865 partite,
592 4777 656 4845 οὔτε
682 4779 918 4873 ι>νρν,’μιιιννιῦτε
944 4777 1155 4858 educerum?
1176 4777 1257 4866 αλλῳ
1277 4777 1910 4856 &iassescentemconsummatores·
1937 4774 2044 4847 cirsai

474 4878 587 4949 densius
605 4878 654 4943 sai
674 4883 1082 4975 πραννιιιᾶνννιςδργιζέμιιιι
1072 4882 1184 4960 ιτιῖμιις
1203 4881 1386 4960 istiusdem
1403 4912 1443 4966 τῳ
1430 4877 1600 4964 ’Φιλιππμ
