4636 5940
519 324 550 381 θ
901 358 924 395 ι

1205 374 1262 492 sa
1405 410 1418 449 ·

447 623 616 705 quaeque
632 597 864 723 postularet,
898 611 941 670 ut
963 593 1173 671 Phocenses
1198 595 1378 700 templum
1408 600 1447 670 in
1474 621 1602 671 manus
1627 596 1940 703 Amphictyonum
1967 626 2023 674 re-

446 731 636 802 stituerent
659 725 762 822 (200).
805 722 926 797 Electi
949 738 1033 798 sunt
1053 721 1266 816 Aeschines,
1288 721 1572 816 Demosthenes,
1597 721 1820 826 Stephanus,
1843 725 2026 829 Dercylus

318 852 323 857 ’
446 852 644 957 pluresque
674 850 877 952 legatorum
907 848 1022 923 modo
1052 875 1312 950 regressorum.
1353 849 1625 925 Demosthenes
1651 866 1772 926 autem
1798 857 1836 926 in
1863 856 1941 955 ipsa
1967 878 2026 927 ec·
2103 917 2106 927 ,

447 979 555 1054 clesia
580 977 683 1052 illico
709 974 945 1051 iureiurando
971 1002 1103 1050 munus
1128 975 1238 1077 legati
1262 979 1460 1070 recusavit3
1488 978 1710 1078 suspiciebat
1735 981 1834 1052 enim
1854 983 1928 1053 iam
1948 995 2027 1054 tum

446 1104 674 1208 Philippum.
715 1102 915 1178 Aeschines
939 1100 1149 1177 valetudine
1175 1101 1346 1177 laborans
1372 1128 1441 1205 per
1466 1120 1731 1178 sacramentum
1755 1105 1923 1181 Execesti
1949 1130 2027 1181 me·

447 1229 520 1307 dici
538 1230 664 1306 datum
682 1229 779 1333 apud
802 1245 966 1332 senatum
990 1228 1174 1331 legatione
1192 1228 1382 1322 liberatur,
1412 1229 1613 1331 pollicitus,
1643 1255 1682 1304 se
1703 1257 1787 1304 cum
1805 1248 1929 1334 posset
1949 1232 2027 1304 abi·

447 1375 570 1433 turum
598 1382 689 1432 esse.
736 1354 861 1431 Ceteri
887 1354 996 1458 legati
1021 1381 1107 1428 mox
1133 1357 1315 1431 abierunt.
1362 1353 1439 1450 Qui
1466 1384 1581 1459 quum
1608 1354 1826 1432 Chalcidem
1850 1358 2027 1433 Euboeae

448 1482 696 1575 advenissent,
733 1480 865 1555 auditis
897 1484 991 1583 regis
1024 1508 1108 1555 cum
1138 1480 1320 1556 Phalaeco
1354 1485 1470 1584 pactis
1500 1485 1753 1586 exercitusque
1782 1481 2029 1559 Phocensium

447 1635 605 1700 recessu,
637 1607 823 1710 extemplo
844 1607 1007 1682 Athenas
1033 1607 1263 1682 festinarunt.
1298 1607 1480 1712 Dercylus
1506 1609 1703 1711 populum,
1734 1613 1799 1713 qui
1818 1614 1858 1684 in
1876 1608 2028 1684 Piraeeo

449 1734 496 1811 dc
527 1736 637 1810 rebus
669 1735 858 1809 navalibus
891 1751 1037 1810 acturus
1068 1751 1303 1827 convenerat,
1337 1738 1533 1810 certiorem
1561 1735 1661 1828 facit,
1695 1761 1753 1810 res
1781 1735 2030 1811 Phocensium

448 1888 599 1966 prorsus
626 1877 824 1964 prostratas
851 1886 927 1936 esse
954 1863 1003 1939 27
1021 1858 1195 1963 Sciroph.
1217 1860 1428 1959 (Demosth.
1447 1889 1483 1934 π.
1497 1889 1644 1970 superq.
1661 1863 1786 1964 pato
1805 1865 1891 1963 im).
1931 1861 2031 1936 Tum

447 1988 691 2065 Athenienses
714 2005 855 2063 terrore
880 1990 1026 2062 attoniti
1046 1985 1273 2062 Callisthene
1297 2004 1448 2089 rogante
1469 1985 1657 2064 decretum
1678 1987 1858 2080 fecerunt,
1887 2004 1929 2062 ut
1948 2015 2029 2062 mu·

449 2114 557 2189 lieres
586 2114 771 2217 liberique
803 2139 847 2188 ex
878 2119 971 2216 agris
1000 2117 1040 2188 in
1070 2114 1201 2188 urbem
1232 2128 1579 2218 transportarentur,
1612 2114 1784 2191 Piraeeus
1809 2118 2026 2206 muniretur,

449 2265 549 2315 sacra
573 2241 752 2316 solemnia
771 2240 954 2333 Herculis,
984 2266 1079 2342 quae
1104 2244 1143 2315 in
1168 2238 1238 2314 bos
1263 2237 1341 2315 dies
1368 2256 1551 2316 extremos
1572 2239 1871 2343 Scirophorionis
1891 2237 2029 2315 incide·

449 2369 540 2441 bant
559 2368 663 2464 (202),
692 2370 786 2441 intra
813 2369 944 2442 urbem
970 2366 1256 2442 celebrarentur.
1293 2366 1467 2442 Attamen
1487 2364 1638 2443 decreto
1658 2367 1792 2471 populi
1812 2367 1922 2469 legati
1940 2392 2030 2442 con·

449 2494 571 2570 iestim
597 2494 778 2584 abierunt,
807 2511 848 2567 ut
873 2495 1079 2568 actionibus
1100 2492 1430 2597 Amphictyonum,
1461 2495 1595 2596 quibus
1620 2519 1678 2569 res
1698 2492 1946 2570 Phocensium
1966 2490 2031 2566 de-

450 2617 656 2695 cernendae
684 2616 839 2692 traditae
872 2634 987 2710 erant,
1024 2616 1204 2692 adessent.
1254 2618 1363 2692 Tunc
1393 2619 1595 2692 Aeschines
1623 2618 1834 2695 valetudine
1866 2635 2028 2720 recepta,

451 2744 563 2847 idque
589 2767 657 2815 suo
683 2747 762 2816 iure
787 2743 994 2843 legationis,
1023 2741 1161 2843 legatus
1187 2739 1233 2815 ad
1254 2741 1570 2846 Amphictyonum
1596 2759 1818 2820 conventum
1843 2743 2032 2845 profectus

452 2884 508 2945 est
531 2870 635 2966 (202).
676 2866 838 2943 Advenit
863 2870 972 2969 igitur
996 2867 1087 2943 haec
1112 2867 1247 2970 legatio
1274 2865 1319 2942 ad
1344 2866 1560 2972 Philippum
1586 2872 1713 2972 primis
1736 2870 2030 2945 Hecatomhaeo·

452 3000 508 3071 nis
529 2994 659 3071 diebus
680 2992 743 3070 Ol.
759 2995 880 3068 108.3
901 2997 977 3069 sive
998 2997 1135 3068 circum
1159 2993 1340 3070 Calendas
1360 2994 1472 3070 Iulias
1491 3021 1526 3070 a.
1543 2997 1632 3088 346,
1661 3011 1855 3099 antequam
1876 2995 2032 3099 Amphi·

452 3139 617 3227 ctyones,
646 3147 740 3225 quos
767 3137 866 3196 extra
892 3118 1061 3195 ordinem
1087 3136 1353 3197 convocaverat
1377 3145 1441 3194 rex
1468 3119 1515 3195 de
1539 3121 1651 3195 rebus
1669 3119 1916 3197 Phocensium
1937 3122 2031 3197 iudi-

453 3267 609 3342 caturos,
640 3248 821 3341 Thessali,
851 3246 1035 3340 Thebani,
1073 3244 1204 3322 Oetaei
1229 3246 1367 3350 aliique
1386 3245 1526 3349 'populi
1551 3248 1870 3350 septentrionales,
1905 3247 2031 3324 decre·

453 3394 531 3453 tum
556 3376 735 3451 lecerunt.
784 3375 900 3448 Erant
925 3389 1047 3448 autem
1072 3371 1112 3446 hi
1141 3396 1269 3447 omnes
1300 3375 1339 3446 in
1365 3371 1575 3447 Phocenses
1600 3376 1794 3449 iratissimi.
1843 3374 1924 3450 Rex
1949 3403 2034 3449 cum

454 3504 500 3578 ab
525 3501 810 3577 Atheniensibus
836 3498 1050 3573 destitutum
1075 3523 1113 3573 se
1135 3496 1298 3589 vidisset,
1327 3500 1462 3572 invitus
1483 3495 1646 3600 quidem,
1675 3515 1796 3573 tamen
1818 3506 2034 3575 necessitate

454 3645 621 3732 cogente,
649 3626 863 3719 Thebanos,
893 3628 958 3728 qui
985 3621 1071 3699 dato
1098 3626 1329 3700 mercenariis
1348 3622 1519 3699 Phalaeci
1539 3622 1659 3696 libero
1682 3648 1826 3699 recessu
1848 3629 2034 3728 perterriti

454 3759 625 3860 precibus
652 3781 737 3830 eum
768 3753 984 3855 fatigabant,
1015 3751 1086 3826 sibi
1115 3749 1297 3843 adiunxit3
1333 3774 1403 3826 nec
1432 3746 1650 3825 crediderim
1676 3750 1868 3844 Aeschini,
1906 3756 2032 3828 etiam·

495 3959 567 4040 (⁹⁰⁰)
598 3962 657 4021 vid.
671 3961 818 4042 Droysen.
838 3960 858 4020 Ι.
870 3960 889 4020 Ι.
911 3957 1007 4042 pals
1029 3971 1060 4020 et
1079 3956 1187 4039 psat,
1207 3978 1268 4018 non
1288 3957 1442 4042 pylagoras
1463 3957 1581 4041 quidem
1601 3977 1703 4019 rerum
1724 3959 1835 4043 legatos
1856 3959 1892 4018 ad
1905 3958 2031 4040 Amphi·

456 4075 574 4144 ctyonas
594 4059 696 4120 missos
718 4078 795 4135 esse,
823 4072 903 4121 recte
926 4059 1085 4133 dicmtem;
1112 4056 1185 4118 falso
1205 4057 1304 4119 Ranke
1326 4058 1378 4119 l.l.
1399 4080 1428 4140 p.
1442 4056 1492 4118 79.
1533 4056 1606 4118 Eam
1628 4056 1667 4120 ob
1689 4078 1801 4120 eausam
1821 4068 1922 4139 postea
1944 4057 2033 4148 legati

326 4175 330 4183 ·
454 4159 700 4243 Amphictyonum
713 4155 841 4218 Athenas
854 4171 1006 4236 venerunt,
1025 4159 1075 4240 qui
1089 4169 1256 4240 poscerent,
1275 4170 1308 4220 ut
1321 4157 1512 4220 Athenienses
1530 4156 1680 4220 decretum
1693 4155 1950 4237 Amphictyonum,
1972 4178 2031 4239 quo

455 4265 532 4325 inter
551 4260 624 4322 hanc
645 4257 814 4319 societatem
833 4277 885 4318 rex
905 4270 1039 4339 receptus
1061 4269 1146 4334 esset,
1167 4278 1309 4321 consensu
1328 4280 1381 4321 suo
1402 4256 1638 4339 comprobarent
1649 4289 1690 4305 -
1709 4256 1746 4317 cl.
1760 4255 1846 4318 Dem.
1861 4281 1893 4317 π.
1906 4282 2031 4346 superq.

455 4363 552 4448 pata
566 4360 642 4423 med.
663 4356 769 4421 Aesch.
790 4381 821 4417 π.
842 4350 948 4443 upari-l.
968 4356 1111 4440 pluat.
1938 4359 1943 4372 “

497 4481 568 4562 (⁰⁰¹)
600 4475 1029 4542 communitatem.
1051 4473 1122 4560 §17
1143 4498 1160 4539 ι
1180 4477 1267 4540 uem.
1287 4501 1320 4537 a.
1339 4499 1464 4562 παραπρ.
1485 4430 1650 4560 pansas.
1671 4507 1712 4523 -
1733 4490 1835 4539 conus
1854 4477 2029 4539 memacte-

457 4581 542 4641 rione
568 4579 743 4662 insequentis
769 4577 852 4655 anni,
880 4598 953 4661 ergo
979 4577 1106 4658 quinque
1127 4577 1243 4640 demmn
1262 4576 1406 4639 meusihm
1427 4590 1510 4659 port,
1537 4576 1682 4639 Heraclea
1702 4576 1846 4640 celebrata
1867 4597 1930 4640 esse
1951 4589 2033 4658 putat

456 4680 583 4740 Weiske
604 4680 655 4739 1.1.
676 4680 730 4740 llL
751 4680 838 4761 pau,
860 4699 967 4754 errans,
989 4677 1106 4760 opinor.

498 4791 526 4875 (1
528 4791 567 4872 ⁰¹)
598 4795 665 4856 Vide
690 4796 761 4858 haec
788 4818 833 4878 ap·
853 4798 940 4860 Dem·
966 4821 997 4856 π·
1018 4820 1142 4884 vagam.
1163 4796 1269 4878 pass.
1290 4793 1388 4878 p.380
1401 4817 1444 4877 sq.
1475 4794 1581 4857 Aesch.
1602 4818 1633 4854 π.
1654 4789 1761 4884 weard.
1782 4793 1923 4886 pauso.
1965 4797 2028 4856 De-

457 4895 551 4961 fendit
569 4892 743 4957 Aeschinem
763 4917 816 4960 suo
837 4898 900 4960 iure
922 4898 1010 4983 legati
1030 4917 1150 4961 munere
1169 4895 1297 4961 limatam
1318 4895 1446 4962 Weiske
1467 4895 1519 4960 tl.
1540 4895 1579 4959 Π.
1599 4897 1686 4980 pas.
