4636 5940
464 629 566 681 suam
592 601 714 678 dicere
740 599 888 675 licebat.
905 602 995 699 (¹⁵¹)
1046 596 1273 675 Philocrates
1307 623 1435 700 pacem
1463 603 1573 674 etiam
1596 602 1832 702 iniquissimis
1859 599 2040 677 conditio·

463 732 571 805 nibus
609 727 806 836 ineundam
840 729 991 801 suasisse
1024 723 1192 818 videtur3
1233 749 1346 827 quem
1375 724 1542 801 locutum
1572 724 1773 801 Aeschines
1811 731 1955 830 excepit
1986 728 2042 804 his

463 858 597 934 verbis:
630 853 702 948 „Si
729 854 898 945 multum,
933 855 1066 955 inquit,
1103 869 1138 927 et
1165 848 1229 926 diu
1255 850 1449 926 meditatus
1474 869 1568 927 esset
1593 850 1839 945 Philocrates,
1876 881 1952 957 quo
1977 881 2042 957 pa·

464 1001 525 1059 cto
551 985 726 1056 acerrime
744 977 1007 1072 adversaretur,
1035 978 1292 1070 Athenienses,
1323 959 1416 1052 nihil
1435 1003 1519 1052 eum
1536 978 1666 1054 melius
1684 979 1794 1054 fuisse
1811 997 2044 1083 reperturum

464 1111 623 1184 arbitror
653 1108 786 1183 talibus
821 1104 989 1180 decretis.
1044 1105 1124 1207 Ego
1156 1130 1245 1180 vero
1273 1129 1402 1206 pacem
1428 1107 1546 1197 istam,
1577 1103 1664 1179 dum
1690 1088 1783 1181 unus
1810 1105 2043 1184 Atheniensis

463 1235 703 1337 superfuerit,
746 1257 935 1332 nunquam
976 1234 1110 1306 civitati
1150 1235 1344 1324 suaserim;
1392 1257 1521 1333 pacem
1561 1247 1682 1306 tamen
1723 1229 1926 1307 faciendam
1965 1259 2043 1310 esse

464 1358 587 1435 dico.’'
602 1361 692 1457 (¹⁵²)
745 1354 892 1432 Deinde
924 1357 986 1430 alii
1020 1373 1183 1432 oratores
1208 1361 1391 1459 progressi
1416 1360 1585 1432 victorias
1612 1358 1838 1461 gloriamque
1864 1362 2043 1433 maiorum

464 1486 679 1576 efferebant,
709 1500 750 1558 ut
774 1481 929 1586 perinde
956 1509 998 1559 ac
1024 1488 1178 1559 maiores
1205 1483 1313 1559 saluti
1338 1486 1450 1558 totius
1469 1483 1644 1559 Graeciae
1661 1488 1839 1588 imprimis
1857 1489 2042 1560 sociorum

462 1616 692 1717 prospiceret
724 1610 885 1714 populus
918 1611 1074 1708 (scilicet
1100 1609 1147 1684 de
1172 1609 1426 1685 Phocensibus
1451 1608 1520 1684 hos
1546 1614 1660 1713 egisse
1685 1628 1800 1714 patet,
1836 1638 1929 1715 quos
1955 1610 2042 1685 Phi-

463 1739 587 1842 lippus
613 1742 695 1841 paci
721 1736 879 1812 adscribi
904 1736 1056 1834 noluit),
1086 1753 1128 1812 ut
1154 1734 1342 1812 decretum
1368 1737 1481 1811 ferret
1506 1740 1649 1813 civitate
1677 1753 1714 1812 et
1739 1738 1854 1839 gloria
1881 1765 1901 1812 a
1928 1742 2041 1812 maio·

463 1868 565 1941 ribus
596 1882 745 1969 accepta
777 1862 938 1966 dignum.
996 1859 1142 1956 Quibus
1174 1863 1393 1939 contradixit
1424 1862 1625 1938 Aeschines
1656 1863 1807 1938 hortans
1839 1868 1954 1956 cives,
1996 1889 2042 1939 ne

464 2008 673 2068 arcerentur
704 2015 772 2091 per
799 1988 892 2063 tales
925 2005 1090 2064 oratores
1122 2016 1141 2062 a
1173 2014 1264 2092 pace
1296 1989 1474 2081 ineunda,
1509 2015 1600 2066 neve
1632 1989 1857 2093 reipublicae
1888 1991 2043 2065 salutem

461 2116 726 2222 posthaberent
758 2117 957 2206 sociorum,
996 2116 1061 2216 qui
1095 2129 1201 2190 antea
1233 2118 1333 2218 ipsos
1357 2116 1451 2190 nihil
1475 2119 1667 2209 iuvissent3
1702 2133 1744 2192 ut
1774 2116 2043 2192 aemularentur

466 2240 616 2346 quidem
642 2241 722 2316 illas
740 2241 1043 2344 praeclarissimas
1061 2244 1242 2316 maiorum
1260 2268 1330 2334 res,
1360 2241 1546 2344 iidemque
1563 2259 1685 2319 tamen
1701 2233 1933 2318 temerarium
1951 2241 2043 2318 belli

462 2369 636 2460 studium,
668 2393 743 2471 quo
769 2367 824 2442 illi
850 2367 1009 2443 conlecti
1034 2384 1167 2460 essent,
1197 2372 1267 2471 ipsi
1283 2367 1486 2471 prudenter
1501 2372 1669 2445 vitarent.
1698 2369 1866 2444 Eubulus
1881 2367 2042 2470 denique

463 2501 526 2589 ait,
555 2513 617 2571 aut
643 2501 680 2569 in
706 2495 898 2571 Piraeeum
924 2492 1201 2586 descenderent,
1230 2499 1425 2596 pecuniam
1450 2495 1652 2572 theoricam
1678 2500 1716 2571 iu
1738 2495 1880 2570 bellum
1898 2499 2040 2597 impen-

463 2619 605 2714 derent,
634 2636 695 2694 aut
721 2616 967 2695 concederent
992 2622 1035 2695 iis
1062 2645 1155 2723 quae
1181 2619 1408 2696 Philocrates
1434 2638 1608 2722 rogasset.
1625 2625 1714 2719 (¹⁵³)

604 2746 838 2820 Convenerat
863 2745 1030 2838 antehac,
1058 2763 1100 2821 ut
1125 2749 1216 2822 socii
1233 2745 1512 2821 Atheniensium
1538 2773 1666 2850 pacem
1688 2745 1892 2849 foedusque
1910 2750 2039 2821 ineun-

462 2873 550 2949 dum
575 2875 849 2975 participarent.
890 2869 1011 2966 Quam
1039 2873 1093 2947 ob
1115 2897 1193 2947 rem
1220 2874 1479 2975 cumprimum
1497 2873 1599 2949 bello
1617 2890 1733 2966 stante
1752 2871 1798 2949 de
1815 2898 1906 2976 pace
1923 2872 2040 2947 Athe·

462 3004 518 3076 nis
542 3002 599 3102 agi
626 3015 799 3102 coeptum
826 3013 894 3091 est,
922 2997 1032 3101 legati
1056 3003 1095 3073 iu
1122 3002 1283 3076 civitates
1310 2998 1486 3076 Graeciae
1512 3003 1611 3075 missi
1637 3017 1734 3092 sunt,
1765 3002 1832 3102 qui
1857 3023 2039 3102 provoca·

461 3142 556 3217 rent,
591 3143 670 3200 tum
702 3142 743 3200 ut
774 3151 847 3198 una
872 3151 956 3200 cum
981 3124 1267 3200 Atheniensibus
1294 3125 1435 3200 bellum
1461 3141 1590 3201 contra
1614 3124 1829 3229 Philippum
1855 3124 2035 3227 gererent,

462 3258 493 3329 si
520 3267 726 3356 oporteret,
763 3268 841 3326 tum
873 3268 915 3326 ut
940 3255 1023 3353 paci
1042 3278 1087 3353 ¹se
1114 3248 1365 3354 adiungerent,
1396 3254 1425 3325 si
1451 3277 1493 3325 ea
1519 3251 1723 3354 prodesset.
1740 3253 1830 3350 (111)
1884 3249 1961 3346 Qui
1985 3251 2038 3325 le·

460 3384 532 3482 gati
557 3377 837 3453 Atheniensium
861 3373 1029 3451 nondum
1054 3375 1251 3468 redierant,
1280 3403 1363 3450 cum
1391 3376 1437 3450 de
1463 3401 1554 3478 pace
1580 3380 1821 3453 concionibus
1847 3378 1919 3453 illis
1937 3381 2039 3452 insti·

459 3510 546 3582 tutis
563 3507 750 3608 agebatur;
778 3525 899 3605 neque
917 3501 1026 3602 legati
1043 3501 1188 3575 illarum
1206 3505 1393 3577 civitatum
1409 3499 1573 3576 Athenas
1590 3519 1850 3592 convenerant,
1879 3501 1916 3574 id
1936 3501 2038 3603 quod

460 3649 563 3736 patet
588 3656 608 3706 e
635 3627 879 3719 documentis,
910 3651 1003 3730 quae
1028 3626 1228 3703 Aeschines
1253 3627 1403 3730 publice
1429 3627 1500 3728 legi
1532 3629 1648 3717 iussit,
1684 3626 1953 3728 quantumlibet
1979 3651 2038 3702 re·

459 3773 599 3862 pugnet
622 3754 906 3831 Demosthenes.
923 3755 1011 3852 (¹⁵⁵)
1053 3753 1194 3829 Tamen
1211 3780 1289 3829 nou
1307 3769 1517 3829 cunctantes
1534 3751 1775 3828 Athenienses
1791 3778 1920 3856 pacem
1936 3752 2037 3828 festi·

501 4064 571 4147 (¹⁵¹)
602 4064 708 4127 Aesch.
730 4057 790 4148 περὶ
809 4058 916 4148 πρεσθ.
938 4064 1079 4147 p.36.26:
1100 4058 1152 4123 uui
1169 4088 1213 4134 μοι
1226 4018 1307 4131 >stills
1326 4059 1357 4124 rei
1379 4056 1525 4142 ψήφισμα
1544 4053 1593 4121 nai
1613 4055 1767 4142 ἀνάγνωθι
1781 4059 1812 4121 τὸ
1827 4053 2036 4132 Δημοσθένους·

461 4169 490 4229 ἐν
511 4157 533 4247 ᾧ
555 4161 684 4244 φαίνεται
699 4159 864 4248 ’γεγραφὼς
884 4168 920 4242 τῇ
939 4156 989 4234 μὶν
1008 4157 1126 4251 προτέρᾳ
1145 4167 1200 4223 τῶν
1221 4163 1373 4235 ἐκκλησιῶν
1395 4153 1602 4233 συμβουλεύειν
1622 4159 1670 4223 τᾶν
1689 4154 1872 4232 βουλόμενον.

502 4271 574 4355 (¹⁰²)
605 4273 690 4334 Deru.
712 4294 743 4329 π.
763 4293 888 4355 παραπρ.
908 4270 1014 4351 p.345.

504 4379 576 4463 (¹⁶³)
607 4381 692 4442 Deru.
714 4401 744 4437 π.
765 4400 889 4462 rapere.
910 4375 1007 4459 pust
1021 4377 1069 4439 fin.
1112 4378 1193 4440 Haec
1214 4378 1277 4441 lere
1298 4379 1334 4440 ad
1355 4378 1506 4441 veritatem
1526 4379 1658 4459 proxime
1679 4375 1819 4440 accedere
1839 4376 1910 4439 mihi
1931 4378 2033 4440 viden-

460 4496 510 4544 tur
531 4503 548 4544 e
569 4479 665 4544 verbis
686 4479 841 4541 accusantis
862 4476 1067 4540 Demosthenis
1088 4502 1119 4538 π.
1139 4503 1264 4566 superq.
1291 4476 1398 4559 pets.
1420 4477 1526 4558 pult.
1549 4489 1579 4541 et
1599 4475 1780 4540 defendentis
1800 4477 1952 4541 Aeschinis
1971 4469 2033 4561 cepi
2101 4553 2107 4559 .

461 4575 568 4667 πρεσβ.
590 4578 722 4662 p.36.15
737 4600 779 4659 sq.
802 4576 921 4660 p.37.7.
943 4576 1029 4659 p.38.
1052 4577 1105 4639 eir.
1126 4579 1157 4640 in
1178 4576 1258 4643 (iter.
1279 4576 1412 4661 punto
1426 4599 1488 4659 sqq.
1577 4593 1579 4599 '

502 4683 574 4766 (¹⁶⁴)
605 4684 710 4748 Aeseh
731 4677 792 4772 rapi
813 4677 918 4771 πρισβ.
939 4682 1079 4767 ρ.35.25,

503 4788 575 4872 (¹⁵⁶)
605 4815 636 4852 π.
657 4816 781 4879 παραπρ.
802 4792 909 4876 p.345.
931 4793 967 4855 de
989 4813 1050 4856 cor.
1071 4791 1178 4875 p.233.
1203 4794 1261 4855 vid.
1282 4793 1408 4856 Weiske
1428 4792 1467 4853 ΙΙ.
1489 4791 1576 4874 plo,
1601 4787 1797 4882 ὑπερβολικῶς
1822 4793 1894 4856 haec
1919 4793 2032 4857 Demo·

462 4893 569 4958 stheuis
595 4890 683 4954 verba
709 4892 787 4956 dicta
814 4913 885 4958 esse.
927 4893 1003 4959 Mire
1023 4892 1203 4956 Wiuiewski
1225 4890 1345 4975 p.74.n.
1372 4892 1455 4973 dicit,
1479 4891 1707 4960 Demosthenem
1727 4896 1876 4980 eleganter
1896 4893 2032 4958 refellere
