4636 5940
1216 397 1273 488 70

454 615 646 704 oportere3
679 596 764 671 illos
790 596 932 672 bellum
958 618 1037 669 esse
1062 591 1276 696 gerendum,
1310 590 1488 695 Philippo
1515 591 1773 686 diffidendum,
1807 593 1878 669 hos
1902 621 2032 699 pacem

453 723 718 802 observandam
744 726 797 825 (p.
814 725 913 821 127).
957 719 1146 815 Queritur,
1176 719 1359 823 populum
1384 720 1500 794 multa
1524 724 1596 794 iam
1622 725 1728 798 missa
1749 721 1879 799 fecisse
1899 721 2033 798 ceden-

451 872 525 929 tem
551 852 782 954 temporibus
805 866 998 951 ratumque
1026 852 1178 923 omnino
1206 851 1278 921 iam
1302 850 1424 922 omnia
1445 845 1690 949 pessumdata.
1727 847 1854 924 Addas
1875 874 1918 924 ea
1940 877 2034 953 quae

451 986 489 1054 in
520 978 593 1054 fine
627 979 803 1053 orationis
835 974 944 1050 dixit:
982 970 1063 1048 εἶδ’
1091 962 1108 1047 ‘d
1133 964 1296 1055 βούλεται
1328 972 1430 1066 ζητῶν
1457 963 1598 1051 ἕκαστος
1624 969 1833 1058 καθεδεῖται,
1869 972 1925 1049 καὶ
1949 967 2036 1054 ὅπως

451 1101 544 1197 undis
571 1099 668 1181 αὐτὸς
694 1096 821 1190 ποιήσει
846 1103 993 1185 σκοπῶν,
1020 1094 1225 1209 πρῶτονμὲν
1253 1102 1287 1174 οὐ
1313 1093 1357 1190 μή
1384 1091 1565 1208 ποθέὅρῃ
1588 1095 1896 1187 redeundumne,
1921 1099 2035 1177 ἔπειτα

451 1227 592 1313 tiltres,
613 1223 702 1308 douc
721 1225 765 1320 μὴ
786 1221 897 1302 πάνθ’
912 1221 999 1317 ἅμα,
1023 1218 1086 1302 ὅσα
1104 1229 1140 1301 οὔ
1157 1217 1379 1318 Βουλόμεθα,
1402 1231 1500 1300 ποιεῖν
1517 1230 1590 1317 ἡμῖν
1607 1217 1735 1316 ἀνάγκη
1752 1220 1925 1316 γενήσεται
1937 1231 2035 1331 (²⁴⁵).

452 1357 545 1453 Quis
572 1376 645 1448 est,
683 1360 773 1458 quin
803 1355 864 1429 hic
895 1354 1084 1428 Eubulum
1117 1371 1154 1428 et
1179 1352 1410 1429 Phocionem
1441 1351 1608 1457 depictos
1640 1358 1771 1430 sentiat
1796 1356 1897 1455 (²⁴⁶),
1934 1357 2033 1433 hunc

346 1478 358 1491 ‘
454 1485 601 1587 qualem
626 1482 845 1558 Plutarchus
871 1484 1055 1584 exprimit,
1084 1481 1189 1555 illum
1218 1478 1364 1582 qualem
1389 1479 1665 1557 maledicendus
1693 1481 1976 1586 Theopompus.

591 1611 647 1683 Ex
678 1609 735 1684 his
763 1610 934 1684 omnibus
961 1624 1071 1710 atque
1099 1632 1142 1681 ex
1168 1611 1229 1698 iis,
1260 1633 1353 1709 quae
1378 1606 1649 1682 Demosthenes
1676 1605 1723 1682 de
1750 1606 2034 1686 administranda

452 1742 607 1842 pecunia
640 1737 789 1840 publica
824 1733 945 1839 deque
979 1734 1236 1809 emolumentis
1266 1737 1400 1808 civium
1429 1731 1515 1808 inde
1545 1737 1670 1836 petitis
1697 1733 1786 1809 dicit
1811 1735 1874 1833 (de
1900 1731 2031 1811 Chers.

452 1867 636 1968 peonis.
654 1864 733 1964 al.),
763 1880 921 1939 statuere
946 1888 1056 1966 posse
1082 1861 1172 1936 mihi
1198 1858 1342 1953 videor,
1370 1861 1559 1936 Eubulum
1584 1886 1653 1964 per
1679 1860 1779 1936 hunc
1805 1888 1941 1936 annum
1967 1865 2033 1935 eti-

454 2017 511 2066 arn
535 1995 683 2083 visisse3
713 2017 834 2093 neque
861 1989 897 2065 id
926 1988 1027 2093 quod
1053 1988 1116 2065 ille
1143 2014 1282 2064 summa
1309 1987 1442 2091 populi
1466 1986 1601 2063 fiducia
1623 1986 1934 2065 administraverat
1954 2016 2034 2062 mu-

453 2146 521 2192 nus
549 2121 798 2220 quaestorium
824 2121 896 2191 iam
916 2133 996 2191 tum
1013 2115 1238 2220 Lycurgum,
1265 2115 1510 2191 Demostheni
1528 2115 1846 2190 familiarissimum
1866 2118 2031 2205 subiisse,

451 2243 515 2319 sed
542 2243 642 2318 hune
668 2241 817 2317 demum
843 2241 930 2317 inde
957 2244 1002 2316 ab
1029 2243 1154 2315 110.3
1180 2245 1319 2342 potius,
1348 2259 1411 2316 aut
1437 2245 1467 2316 si
1493 2246 1605 2317 mavis
1630 2268 1650 2314 a
1677 2246 1847 2345 sequenti
1871 2245 1945 2316 aul
1967 2239 2032 2316 Ol.
2073 2318 2076 2323 ⁴

455 2373 527 2445 109
548 2371 647 2467 (²⁴⁷).
689 2367 879 2443 Eubulum
902 2394 991 2444 vero
1018 2368 1131 2471 paulo
1155 2383 1242 2470 post
1267 2368 1331 2442 bas
1357 2372 1543 2445 orationes
1569 2384 1757 2443 mortuum
1783 2394 1880 2461 esse,
1916 2394 1960 2442 ex
1988 2392 2035 2442 eo

453 2514 701 2600 argumenter,
737 2493 838 2598 quod
871 2498 1078 2597 insequenti
1109 2520 1226 2587 anno,
1264 2504 1346 2569 cum
1373 2494 1575 2571 Aeschines
1601 2511 1758 2598 propter
1781 2497 2035 2569 Anaxinuma

452 2623 707 2698 Demosthene
732 2636 921 2723 suspectus
947 2620 1064 2694 factus
1083 2636 1194 2721 atque
1213 2625 1252 2693 in
1270 2622 1440 2721 periculo
1459 2639 1566 2711 esset,
1595 2622 1758 2695 futurum
1777 2622 1887 2695 fuisse
1906 2619 2032 2711 credo,

452 2753 650 2823 utiterum
677 2753 710 2821 ei
736 2731 1041 2848 patrocinaretur.

592 2871 701 2948 Patet
718 2870 879 2974 denique
896 2874 1074 2973 imprimis
1088 2895 1110 2946 e
1122 2877 1228 2947 tertia
1240 2870 1448 2975 Philippica
1468 2875 1521 2970 (et
1539 2876 1737 2975 praecipue
1757 2899 1802 2947 ex
1821 2873 1938 2949 altero
1957 2877 2035 2948 eius

453 2997 637 3098 dimidio),
671 2997 813 3073 cladem
839 2996 1102 3072 Demosthenis
1128 2998 1230 3072 illam
1254 2997 1353 3072 haud
1380 2998 1499 3073 levem
1525 3000 1650 3090 fuisse,
1686 3025 1770 3074 eum
1795 3002 1842 3076 ab
1866 3000 2033 3076 adversa-

453 3132 515 3202 riis
542 3125 656 3201 multa
682 3150 848 3227 passum,
886 3149 970 3199 eum
1003 3110 1205 3228 prudenter
1234 3121 1426 3225 loquendo
1451 3127 1644 3226 pristinam
1669 3131 1923 3202 auctoritatem
1944 3153 2032 3201 nan·

453 3258 537 3330 cisci
563 3270 642 3328 tum
667 3255 859 3356 cupivisse.

1184 3479 1221 3580 §.
1240 3482 1299 3554 17.

592 3632 711 3708 Multa
736 3649 860 3706 tamen
893 3646 929 3705 et
955 3654 1084 3731 magna
1110 3626 1252 3704 duabus
1278 3628 1334 3704 his
1361 3631 1589 3705 orationibus
1617 3628 1748 3703 effecta
1775 3655 1872 3723 esse,
1909 3631 2033 3708 videre

453 3763 539 3838 licet
561 3782 724 3836 ererum
744 3757 1054 3862 progressu(²⁴⁸).
1083 3753 1316 3832 Persuaserat
1334 3755 1605 3832 Demosthenes
1618 3753 1920 3852 Atheniensibus,
1945 3757 2033 3836 Phi·

457 3943 613 3954 ιι*

495 4041 565 4123 (²⁴⁶)
597 4044 635 4105 cf.
656 4046 693 4104 de
715 4043 858 4107 Cherson.
879 4046 978 4129 plot
994 4045 1042 4106 fin.
1063 4043 1155 4128 p.98:
1184 4047 1231 4103 νῦν
1258 4034 1288 4103 δὲ
1316 4040 1554 4124 δημαγωγοῦντες
1581 4043 1656 4134 ὑμᾶς
1680 4038 1728 4104 καὶ
1750 4039 1930 4129 χαριζόμενοι
1951 4043 2031 4103 καθ’

453 4136 615 4232 ὑπερβολὴν
642 4140 713 4204 οὕτω
742 4138 970 4216 διατεθείκασιν,
1000 4140 1067 4210 dere
1095 4144 1122 4204 ἐν
1148 4135 1196 4216 μὲν
1221 4149 1284 4208 ταῖς
1312 4139 1472 4218 ἒιαιλησιάις
1499 4147 1611 4228 τρυφᾷν
1631 4137 1680 4204 καὶ
1700 4136 1916 4203 κολακεύεσθαι
1937 4137 2032 4206 πάντα

454 4244 520 4334 udde
541 4240 639 4317 ἦδονῆν
660 4235 826 4312 ἀκούοντας,
846 4243 874 4302 ἔν
894 4235 925 4303 δὲ
944 4248 1005 4308 τοῖς
1014 4237 1166 4332 ''edwi''
1179 4237 1227 4305 καὶ
1241 4249 1298 4311 Τοῖς
1312 4236 1484 4325 ΨῪνομένως
1497 4234 1558 4326 '⁸⁸3²
1571 4248 1625 4303 ’ὢν
1639 4235 1776 4322 ἐσχάτων
1790 4233 1842 4315 ἤδη
1856 4240 2032 4308 mumdum

495 4362 566 4444 (¹⁴⁶)
597 4362 778 4426 Phocionem
799 4362 856 4423 iam
877 4361 1010 4424 stockim
1031 4373 1113 4425 notat
1134 4364 1169 4424 ad
1190 4364 1219 4424 h.
1235 4365 1293 4427 loc.
1665 4366 1669 4374 ⁶

493 4480 564 4564 (¹⁴⁷)
596 4483 731 4568 Pinzger.
744 4480 836 4565 prael.
851 4481 888 4542 ad
909 4481 979 4545 edit.
992 4481 1065 4566 Lyc.
1081 4495 1154 4545 orat.
1170 4482 1226 4566 p.8
1237 4483 1554 4563 sq.-Westermann.
1568 4481 1635 4542 hist.
1651 4480 1728 4560 eloq.
1744 4479 1798 4543 Gr.
1813 4484 1909 4564 plot
1926 4504 2031 4545 mnam

455 4595 586 4663 quartum
606 4584 693 4666 ponit
712 4582 763 4646 01.
777 4583 847 4645 110.
868 4581 997 4645 Roeekh.
1018 4581 1132 4646 Oecon.
1153 4584 1210 4646 civ.
1228 4582 1298 4646 Atb.
1312 4581 1351 4644 11.
1371 4580 1467 4664 9248
1488 4581 1551 4643 illas
1571 4593 1631 4642 tres
1651 4582 1862 4663 pentasteridas
1884 4585 2032 4647 comtitsu't

456 4695 506 4743 aut
518 4682 553 4744 ab
570 4681 697 4747 0t109.
709 4685 729 4746 3
741 4685 777 4746 ad
788 4683 889 4748 1123
911 4696 961 4746 aut
979 4683 1015 4746 ab
1031 4682 1080 4746 01.
1092 4684 1194 4746 ssus
1209 4684 1245 4744 sd
1255 4682 1326 4746 113.
1336 4682 1366 4746 3.
1387 4683 1534 4765 Droysen.
1549 4682 1627 4765 pto
1639 4703 1682 4763 sq.
1704 4680 1930 4744 10011033.
1951 4686 2030 4746 Zim-

454 4801 611 4844 mermann.
632 4784 711 4866 p.18
731 4787 781 4865 qui
803 4787 881 4849 idem
901 4786 973 4863 vult,
994 4785 1066 4848 salso
1088 4785 1254 4865 quindecim
1275 4802 1365 4850 annos
1386 4794 1541 4867 computat

362 4903 365 4908 ’
496 4896 566 4979 (²⁴⁸)
597 4900 701 4983 ΜΨ
721 4907 888 4982 quantitas
908 4903 1191 4988 solertiaDroyten.
1212 4903 1264 4965 ll.
1284 4901 1456 4984 psa-1⁰2
1476 4923 1524 4966 res
1544 4903 1594 4966 has
1614 4902 1765 4966 Ιιὶεὶοείεοι
1786 4901 1924 4980 exhibuit,
1944 4924 2029 4985 prse-
