4636 5940
1034 432 1090 521 63

271 622 325 700 sal
344 620 392 699 ἀεὶ
412 624 563 714 ὁμολογῶ
583 624 734 711 πολεμεῖν
756 617 812 694 καὶ
829 615 1051 729 ολαφέρεσθαι
1070 620 1222 699 τουτοισί.
1249 623 1352 720 Quin
1371 631 1480 701 etiam
1498 625 1545 703 de
1563 627 1664 703 bello
1679 628 1852 733 Amphis·

270 756 365 828 sensi
392 750 572 827 disserens
596 776 637 852 p.
650 750 743 827 275:
772 751 870 823 ἐκεῖνο
898 740 1086 847 φοβοῦμαι,
1112 746 1157 841 μὴ
1181 752 1244 825 τῶν
1265 748 1484 861 εἰργασμένων
1505 756 1608 850 ἐαυτῷ
1631 758 1742 831 κακῶν
1764 750 1855 838 οὗτος

268 871 414 953 ἐλιέττυν
437 871 639 975 ὑποληφθῇ·
671 866 748 986 ’ὅπερ
775 869 925 985 πρότερον
952 867 1094 964 συνέβη,
1121 868 1174 952 ’ὅτε
1199 874 1274 956 τοὺς
1298 873 1526 991 ταλαιπώρους
1549 876 1682 961 Φωκέας
1707 880 1853 971 ἐποίησεν

267 1000 463 1081 ἀπολέσθαι
482 1002 528 1080 τὰ
546 999 659 1093 ψευδῆ
680 998 766 1113 &ip’
786 999 1007 1093 ἀπαγγείλας.
1046 1006 1206 1109 Ipseque
1223 1008 1425 1085 Aeschines
1443 1014 1481 1084 in
1500 1008 1666 1114 Ctesiph.
1684 1038 1722 1114 p.
1736 1014 1848 1088 65.3:

268 1129 304 1208 τέ
324 1135 404 1208 ποτ’
427 1130 498 1206 ἐστὶ
527 1125 565 1206 τὶ
593 1126 709 1214 αἴτιον,
743 1120 791 1204 dra
822 1123 1022 1239 Φιλοκράτης
1053 1127 1108 1222 μὲν
1140 1128 1205 1207 ἀπὸ
1233 1134 1297 1207 τῶν
1331 1137 1436 1210 αὐτῶν
1468 1130 1716 1228 πολιτευμάτων
1740 1150 1851 1227 Δημο-

269 1257 383 1335 σθένει
411 1256 524 1359 φυγὰς
549 1261 613 1333 ἀπ’
637 1252 841 1349 εἷςαγγελιάς
866 1251 1055 1348 γεγένηται,
1085 1254 1305 1349 Δημοσθένης
1330 1256 1365 1334 d'
1388 1257 1509 1350 ἐπέστη
1539 1263 1602 1336 τῶν
1630 1259 1740 1336 ἄλλων
1768 1293 1850 1338 κατ·

266 1381 400 1497 sinopen
429 1387 517 1463 coll.
537 1387 661 1462 α.1οα.
678 1375 857 1494 ιμπρεσβ.
876 1388 1101 1489 p.‘lil.13sq.
1119 1390 1242 1462 mirari
1260 1412 1352 1481 sese,
1375 1388 1476 1492 quod
1494 1393 1558 1464 uni
1577 1392 1646 1465 sibi
1665 1387 1853 1466 reddenda

266 1532 363 1592 esset
387 1518 496 1607 ratio,
525 1541 609 1589 cum
635 1538 763 1615 magna
790 1516 950 1588 criminis
971 1539 1056 1616 pars
1074 1512 1245 1589 adversus
1263 1513 1501 1618 Phrynonem
1519 1535 1735 1619 ceterosque
1754 1517 1850 1619 lega·

266 1661 325 1718 tos
352 1658 459 1718 esset.
499 1641 629 1744 Itaque
654 1638 766 1715 fidem
792 1640 992 1714 habeamus
1018 1645 1158 1716 auctori
1185 1641 1422 1744 epistolarum
1448 1642 1754 1735 Aeschinearum,
1785 1646 1851 1745 qui

266 1774 304 1845 in
331 1795 392 1872 ep.
408 1768 485 1844 ΧΠ
510 1767 731 1843 Aeschinem
758 1767 979 1844 scribentem
1007 1769 1113 1842 lacit:
1150 1760 1251 1864 ἐφάνη
1278 1763 1311 1841 dl
1335 1763 1430 1852 ἴσως,
1462 1772 1520 1866 ἐφ’
1547 1765 1590 1847 οἷς
1616 1761 1849 1878 κατηυορηθην

267 1889 417 2007 πρότερον
448 1889 510 1969 ὑπὸ
536 1890 791 1986 Δημοσθένους,
822 1889 908 1968 πολὺ
940 1891 1066 1986 μείζοσι
1097 1887 1240 1981 θηλονέτι
1269 1887 1391 1970 τούτων
1419 1886 1507 1980 οὖσι,
1541 1891 1583 1970 θ’
1607 1884 1631 1969 d
1658 1898 1709 1969 viv
1734 1890 1847 1997 ἐξέτι·

266 2051 339 2107 σον,
362 2025 397 2098 ου’
423 2017 537 2132 μικρὸν
563 2026 605 2100 εἷς
629 2021 716 2112 ὑμᾶς
742 2016 861 2111 δεῖγμα
887 2022 983 2095 τοῦτο
1010 2023 1068 2095 τοῦ
1095 2022 1207 2099 καλῶς
1232 2013 1474 2097 πολιτεύεσθαι
1501 2019 1571 2123 (ἐμὲ
1583 2014 1851 2097 πεπολιτεῦσθαι

265 2146 429 2250 νομίζειν),
455 2140 503 2223 ‘dat
529 2143 600 2222 otti
624 2161 712 2239 Δημ.
734 2149 990 2256 κατηγοροῦντος
1012 2141 1125 2222 ἑέλιυν.
1158 2147 1238 2224 Nec
1258 2153 1391 2224 mirum
1415 2175 1492 2225 esse
1510 2148 1667 2242 videtur,
1696 2149 1847 2225 Aeschi-

264 2280 415 2352 nemin
441 2278 609 2350 oratione
628 2273 893 2376 Ctesiphontea
920 2274 1017 2348 illius
1044 2300 1172 2349 causae
1198 2279 1423 2349 mentionem
1450 2301 1527 2349 non
1553 2275 1687 2367 facere,
1716 2292 1848 2377 utpote

267 2406 330 2506 qui
357 2400 404 2477 de
419 2398 469 2475 'se
497 2405 649 2475 omnino
675 2426 805 2503 parum
832 2400 1019 2503 loquatur,
1049 2427 1118 2475 nec
1143 2426 1182 2474 se
1207 2400 1366 2502 legatum
1393 2402 1503 2474 luisse
1530 2399 1576 2475 de
1596 2426 1688 2503 pace
1706 2399 1845 2492 dicens,

264 2530 331 2605 ubi
357 2530 549 2631 imprimis,
579 2531 609 2602 si
634 2528 721 2601 alias
748 2524 795 2601 de
822 2551 860 2601 se
886 2530 1034 2641 sn‘ffque
1060 2528 1170 2602 rebus
1190 2524 1367 2601 disserere
1388 2526 1513 2616 vellet,
1543 2527 1694 2602 facultas
1713 2532 1746 2601 ei
1765 2527 1848 2602 dats

265 2672 361 2747 erat,
398 2680 467 2729 nec
493 2679 531 2727 se
559 2653 627 2726 alia
652 2653 728 2726 ulla
755 2657 904 2754 gessisse
930 2655 969 2725 in
995 2654 1104 2725 rebus
1131 2650 1179 2726 de
1204 2677 1296 2754 pace
1321 2656 1410 2727 actis
1435 2655 1566 2755 (pst.
1585 2654 1664 2753 35).
1707 2654 1848 2728 Totum

264 2785 361 2857 enim
393 2806 431 2856 se
463 2783 503 2853 in
527 2777 820 2854 Demosthenem
851 2781 1003 2881 eiusque
1036 2777 1130 2853 sacta
1156 2782 1284 2872 vertit3
1319 2803 1441 2881 neque
1471 2780 1618 2854 iuvabat
1643 2805 1727 2854 eum
1754 2779 1849 2855 hanc

264 2935 343 2984 rem
370 2907 516 2997 afferre,
545 2922 584 2980 et
609 2932 690 2981 eam
717 2907 767 2980 ob
795 2930 952 2998 causam,
982 2908 1131 3007 opinor,
1162 2902 1264 3008 quod
1292 2909 1459 2980 amissam
1485 2906 1692 2981 libertatem
1710 2910 1846 3008 princi·

264 3053 464 3139 potumque
490 3030 756 3124 Macedonum
792 3036 857 3132 qui
887 3030 974 3106 inde
1001 3058 1020 3103 a
1048 3057 1139 3131 pace
1164 3031 1227 3104 illa
1253 3029 1427 3104 Aeschini
1454 3030 1567 3132 paulo
1593 3048 1678 3133 post
1705 3035 1848 3106 crimini

264 3190 365 3239 versa
392 3163 622 3264 potentiores
649 3157 735 3230 lacti
762 3170 879 3245 erant,
899 3152 1143 3228 Athenienses
1159 3152 1399 3229 vehementer
1417 3152 1607 3248 dolebant,
1638 3173 1675 3231 et
1694 3156 1794 3259 quod
1818 3161 1848 3234 is

265 3291 330 3392 qui
360 3287 577 3360 auctoritate
608 3308 671 3357 sua
702 3282 773 3382 ipsi
803 3294 883 3354 tum
913 3280 1213 3381 patrocinabatur
1237 3279 1406 3354 Eubulus
1440 3297 1605 3356 mortuus
1631 3300 1720 3357 erat.
1767 3282 1847 3358 Nec

263 3411 535 3490 Demosthenes
560 3412 631 3484 nisi
656 3407 786 3483 leviter
811 3405 883 3481 illis
910 3431 1004 3509 quae
1031 3405 1145 3481 modo
1171 3406 1358 3482 attulimus
1384 3408 1505 3483 verbis
1522 3434 1666 3483 eausam
1684 3434 1844 3485 comme·

266 3556 398 3632 morat,
428 3535 540 3614 credo
566 3561 614 3611 ne
641 3561 682 3610 ea
709 3558 749 3608 re
775 3532 1027 3637 suppeditaret
1052 3531 1240 3609 Aeschini.

406 3664 623 3742 Orationem
640 3660 967 3737 Demosthenicum
993 3657 1064 3770 περὶ
1088 3648 1365 3769 παραπρεσβείας
1386 3660 1555 3764 (perinde
1572 3688 1615 3736 ac
1630 3661 1847 3764 Midianam)

265 3820 342 3871 non
369 3794 540 3868 omnibus
565 3793 725 3865 numeris
751 3787 957 3863 absolutam
983 3812 1052 3862 nec
1078 3786 1300 3891 perpolitam
1326 3785 1389 3862 sed
1417 3786 1546 3863 rudem
1567 3787 1845 3892 quodammodo

266 3949 310 3998 ex
336 3922 495 3996 auctoris
521 3920 791 3994 commentariis
818 3913 992 3991 excidisse
1018 3931 1096 3991 tum
1119 3931 1259 3990 veteres
1282 3915 1370 4014 (²²⁸)
1396 3918 1592 4017 scriptores
1614 3933 1693 3991 tum
1717 3942 1843 3992 recen·

265 4053 378 4124 tiores
403 4047 491 4146 (²²⁹)
516 4043 733 4137 voluerunt,
769 4059 979 4118 astantum
1005 4044 1107 4117 abest
1132 4059 1174 4117 ut
1200 4041 1291 4118 baec
1316 4045 1541 4145 impugnem,
1570 4060 1611 4119 ut
1638 4047 1760 4118 mirari
1787 4070 1845 4120 me

264 4174 440 4279 profitear
464 4174 660 4277 legentem,
688 4170 851 4246 Dionem
877 4169 1077 4246 Prusseum
1104 4195 1184 4244 eam
1210 4196 1397 4273 nunquam
1423 4195 1444 4244 a
1471 4195 1510 4245 se
1537 4168 1714 4246 dimisisse
1740 4173 1840 4269 (2³⁰).

306 4393 376 4477 (¹²⁸)
407 4395 493 4456 Phot
516 4396 581 4456 cod.
594 4394 643 4455 61.
666 4393 815 4457 costes.
837 4417 865 4478 p.
873 4394 932 4456 491
954 4396 1024 4456 Bel.
1046 4407 1100 4457 ter.
1122 4394 1198 4455 Ptut
1220 4395 1249 4454 in
1271 4393 1322 4453 vit.

307 4512 377 4596 (²²⁹)
409 4512 445 4573 A.
458 4510 497 4572 G.
507 4512 621 4573 Becker
641 4514 758 4577 litterat
779 4513 865 4574 Dem.
887 4514 1028 4596 supplem.
1051 4512 1253 4596 p.211;·idem
1273 4513 1303 4573 in
1326 4511 1403 4574 libro
1424 4508 1656 4590 „Demosthenes
1678 4509 1717 4570 als
1733 4512 1839 4573 staats-

265 4638 350 4679 mann
371 4639 399 4676 u.
421 4611 570 4676 ltedner’t
592 4612 630 4672 Π.
652 4615 923 4696 p.360sq.1sanke
946 4615 964 4675 l.
977 4614 995 4674 l.
1018 4638 1046 4697 p.
1055 4611 1124 4675 107.
1146 4613 1271 4675 Weiske
1294 4611 1330 4673 de
1353 4634 1398 4674 or.
1421 4612 1457 4673 de
1479 4609 1604 4671 Halonn.
1627 4608 1713 4691 p.18.
1736 4608 1820 4670 n.23.

306 4731 376 4814 (m)
407 4732 544 4794 Philostr.
573 4731 602 4792 itt
628 4731 686 4792 vita
705 4733 810 4795 Dionis
832 4729 1047 4815 Chrysostomi:
1076 4774 1109 4791 ..
1132 4722 1194 4792 odil
1215 4734 1266 4791 rosi
1287 4724 1458 4802 σπουδοέξειν
1478 4719 1581 4799 ἡμέλει,
1602 4725 1667 4786 ἀλλ’
1689 4726 1745 4789 sind
1768 4725 1844 4790 δυοῖν

264 4829 394 4906 βιβλιόιυ
420 4829 519 4894 ἑαυτὸν
540 4829 684 4917 ξυνεῖχεν.
727 4826 817 4894 Ταυτὶ
838 4825 869 4894 δέ
891 4825 923 4905 ἦν
944 4830 960 4893 d
980 4859 1009 4893 τε
1031 4826 1140 4892 Φαέδων
1162 4833 1175 4892 o‘
1197 4837 1249 4892 τοῦ
1269 4823 1419 4894 Πλέτοννος
1439 4821 1487 4888 καὶ
1508 4821 1710 4900 Δημοσθένους
1731 4829 1744 4888 d
1766 4826 1841 4891 sard

264 4942 314 5013 τῆς
334 4927 500 5023 πρετβοένςς.
