4636 5940
1055 414 1160 522 dlv

289 649 392 724 nant3
422 646 460 706 et
476 652 523 704 ne
539 626 810 705 Demosthenes
829 624 993 730 quidem,
1022 628 1076 700 uti
1093 641 1193 701 totns
1212 644 1290 703 erat
1308 643 1387 702 tum
1404 630 1444 702 in
1459 627 1562 705 bello
1579 627 1759 723 finiendo,
1787 655 1875 708 rere

290 755 502 862 suppeditat
526 758 647 831 sociis.
663 756 754 853 (¹⁵⁶)
807 751 979 859 Synedrii
1004 755 1207 845 sociorum,
1243 752 1346 856 quod
1371 754 1527 830 Athenis
1554 772 1649 848 erat,
1684 761 1874 862 inpriore

188 968 191 975 ,
289 885 440 962 ecclesia
472 884 604 984 legitur
634 879 843 973 decretum,
880 896 922 955 ut
951 883 1085 983 cuique
1111 882 1297 956 civitatum
1324 879 1547 956 Graecarum
1573 882 1720 977 liceret,
1756 886 1874 961 tribus

287 1013 473 1088 mensibus
497 1012 536 1083 in
563 1006 692 1084 eadem
719 1024 829 1111 atque
848 1006 1090 1083 Athenienses
1115 1007 1287 1082 columna
1308 1009 1459 1083 inscribi
1477 1013 1667 1112 pactisque
1687 1036 1727 1086 se
1746 1010 1873 1087 adiun-

287 1164 388 1243 gere·
404 1139 493 1235 (¹⁵⁷)
546 1135 643 1210 Huic
669 1133 819 1210 decreto
846 1159 974 1210 omnes
1001 1137 1066 1237 qui
1091 1137 1131 1208 in
1155 1136 1272 1236 priori
1298 1133 1367 1207 hac
1389 1137 1569 1210 concione
1591 1134 1763 1213 dicebant
1783 1163 1872 1213 con-

286 1269 461 1356 sentiunt,
490 1267 645 1366 ipseque
670 1259 872 1337 Aeschines
897 1259 940 1361 (l.
961 1259 1024 1359 l.).
1079 1258 1259 1362 Sequenti
1290 1256 1350 1335 die
1385 1263 1452 1359 (19
1478 1261 1723 1366 Elaphebol.)
1757 1263 1871 1339 altera

219 1374 223 1389 ¹
268 1369 441 1469 ‘ecclesia
467 1388 515 1464 de
541 1392 730 1465 sanctione
755 1390 856 1492 pacis
881 1413 924 1462 ac
948 1385 1108 1464 foederis
1135 1386 1304 1462 habetur.
1347 1386 1448 1462 Dicit
1470 1386 1621 1490 quidem
1643 1388 1690 1464 de
1710 1387 1781 1464 bac
1798 1391 1871 1466 Ae·

286 1518 444 1610 schines,
479 1543 564 1592 cum
595 1514 747 1620 proedri
777 1513 961 1618 populum
991 1517 1032 1588 in
1063 1513 1275 1616 suffragium
1306 1518 1451 1589 mittere
1477 1512 1597 1618 pridie
1621 1518 1708 1590 iussi
1735 1533 1869 1611 essent,

286 1647 425 1721 nemini
455 1641 599 1719 licuisse
630 1644 848 1718 sententiam
873 1641 983 1716 ferre.
1001 1643 1092 1739 (¹⁵⁸)
1143 1642 1193 1715 At
1212 1645 1298 1743 ipse
1324 1645 1363 1715 in
1388 1645 1594 1744 posteriore
1622 1645 1788 1718 oratione
1815 1645 1872 1741 (in

287 1770 389 1848 Ctes.
417 1771 516 1875 poa
535 1769 621 1868 fin.)
645 1767 770 1862 tradit,
798 1748 965 1844 locutum
985 1793 1062 1842 esse
1081 1766 1387 1861 Demosthenem,
1417 1793 1539 1871 neque
1559 1769 1628 1843 ulli
1648 1772 1795 1844 cessisse
1812 1769 1869 1845 lo·

286 1915 431 1974 cuturo.
472 1894 658 2000 Equidem
684 1895 771 1972 licet
796 1892 1010 1987 concedam,
1040 1919 1085 1969 ex
1104 1899 1294 1998 rogatione
1313 1893 1577 1971 Demosthenis
1598 1893 1778 1999 proedros
1796 1899 1869 1971 ius·

243 2101 249 2111 ,
285 2050 346 2101 sos
378 2050 470 2116 esse,
505 2040 648 2117 tamen,
684 2038 878 2125 antequam
914 2020 970 2097 illi
998 2024 1185 2098 mitterent
1209 2022 1326 2097 altero
1352 2020 1426 2098 boc
1453 2021 1527 2116 die,
1558 2023 1765 2098 oratoribus
1790 2023 1869 2098 lici·

284 2169 364 2227 tum
389 2151 500 2226 fuisse
526 2150 632 2252 loqui
657 2146 757 2224 haud
785 2151 996 2241 abnuerim;
1031 2175 1108 2224 non
1136 2173 1211 2253 quo
1237 2148 1399 2252 legitime
1424 2149 1586 2226 licuisset
1609 2153 1665 2244 iis,
1695 2147 1760 2226 sed
1786 2176 1871 2226 cum

284 2304 357 2370 res,
386 2275 433 2351 de
461 2301 531 2378 qua
558 2273 773 2349 decerneret
798 2277 943 2366 concio,
973 2277 1179 2374 gravissima
1205 2291 1311 2366 esset,
1341 2300 1458 2376 eaque
1484 2279 1522 2349 in
1549 2279 1666 2377 priori
1688 2280 1869 2352 concione

285 2406 325 2477 in
351 2400 466 2477 dubio
495 2398 682 2492 haesisset,
710 2415 908 2503 postquam
935 2401 1130 2501 (imprimis
1157 2398 1203 2473 de
1229 2402 1338 2475 sociis
1362 2396 1624 2502 participandis
1645 2398 1767 2503 deque
1785 2400 1867 2475 foe·

285 2528 373 2603 dere
398 2525 549 2624 icendo)
575 2525 676 2600 ultro
701 2529 870 2628 citroque
895 2526 1007 2600 rerba
1033 2524 1126 2598 sacta
1148 2539 1264 2598 erant.
1282 2527 1372 2623 (¹⁵⁹)
1414 2524 1588 2600 Ceterum
1610 2524 1705 2601 ordo
1725 2530 1764 2600 in
1782 2553 1866 2601 cau·

284 2659 331 2730 sis
356 2650 585 2727 iudicialibus
610 2651 678 2725 illo
704 2668 874 2752 ternpore
899 2674 976 2724 non
1002 2646 1096 2724 adeo
1123 2650 1327 2742 constabat,
1356 2675 1398 2725 ac
1422 2650 1645 2754 plerumque
1664 2679 1722 2728 res
1742 2653 1866 2729 foren·
1891 2688 1895 2693 ·

283 2805 340 2856 ses
364 2778 534 2854 licentius
559 2775 882 2879 turbulentiusque
906 2791 987 2852 tum
1011 2777 1223 2879 agebantur.
1242 2778 1332 2875 (¹⁶⁰)
1372 2777 1504 2881 Itaque
1529 2776 1802 2856 Demosthenes
1827 2784 1866 2856 in

282 2908 481 3011 posteriori
512 2907 693 2980 concione
723 2903 914 2994 censebat,
954 2929 1001 2979 ne
1033 2899 1165 2980 foedus
1196 2929 1217 2978 a
1247 2929 1339 3006 pace
1371 2904 1603 2998 avelleretur,
1644 2931 1736 2982 neve
1766 2907 1867 2984 lenta

283 3033 512 3110 Graecorum
544 3030 697 3107 consilia
729 3046 1046 3131 exspectarentur,
1086 3045 1124 3102 et
1154 3027 1341 3103 decretum
1371 3027 1608 3105 Philocrateo
1641 3033 1865 3107 simillimum

283 3356 490 3428 adversarium,
511 3355 601 3416 immo
623 3352 765 3415 levissima
785 3364 851 3413 sunt
871 3371 944 3433 qnae
966 3351 1038 3412 dixit
1056 3351 1279 3416 Demosthenes.
1301 3353 1355 3414 cir.
1369 3352 1471 3415 Flathe
1491 3351 1558 3416 hist
1574 3355 1687 3417 Maced.
1709 3357 1808 3439 pauo
1818 3381 1862 3441 sq.

283 3461 387 3540 Neque
408 3456 483 3517 adeo
505 3453 636 3516 offendat
656 3473 720 3529 nos,
741 3464 809 3534 post
827 3464 886 3513 um
908 3452 1026 3536 longum
1046 3463 1159 3535 tempus
1180 3452 1292 3537 legatos
1306 3475 1366 3516 non
1380 3456 1546 3532 revertisse,
1568 3477 1633 3517 cum
1647 3478 1796 3539 ponamus,
1818 3460 1862 3522 le-

283 3560 414 3645 gationes
436 3555 551 3617 emissas
571 3574 633 3616 esse
654 3553 715 3615 eius
736 3552 862 3637 geneth,
883 3573 951 3634 quas
972 3553 1134 3615 Boeclhim
1155 3552 1286 3632 (Oecon.
1309 3554 1378 3615 Ath.
1397 3555 1436 3615 IL
1457 3555 1569 3637 ptos)
1590 3569 1677 3618 vocat
1696 3561 1864 3642 migrantes,

283 3662 323 3722 ita
348 3671 381 3719 ut
406 3657 496 3718 iidem
522 3654 610 3737 legati
636 3653 667 3715 in
687 3654 851 3735 complures
873 3653 1003 3715 civitates
1027 3652 1149 3716 subinde
1170 3653 1297 3736 proiecti
1318 3656 1384 3718 sint.
1425 3655 1489 3718 Nec
1510 3656 1667 3719 verisimile
1688 3670 1742 3734 cst,
1767 3657 1862 3722 Athe·

283 3762 398 3822 nienses
417 3769 476 3818 tam
496 3755 602 3816 multos
623 3754 734 3839 legatos
754 3754 883 3839 singulos
904 3755 936 3815 in
955 3753 1079 3838 singulas
1100 3754 1232 3817 civitates
1252 3756 1371 3818 misisse.

323 3874 394 3958 (¹⁵⁶)
425 3872 524 3938 Semel
546 3872 650 3935 leviter
672 3885 702 3935 et
723 3871 841 3954 oblique
863 3871 945 3948 dicit,
965 3892 1029 3934 sese
1050 3874 1262 3955 patrocinatum
1283 3895 1344 3936 esse
1365 3874 1453 3937 sociis
1472 3899 1505 3935 π.
1518 3899 1643 3962 rapace.
1665 3874 1773 3957 phio:
1794 3878 1863 3949 ἐμοῦ

280 3983 322 4058 τῷ
340 3981 395 4038 τοῖν
415 3965 581 4053 συμμάχων
602 3977 822 4060 συνηγοροῦντος
843 3965 976 4051 diguam,
995 3965 1043 4032 usi
1063 3968 1113 4045 asir
1133 3968 1237 4062 εξρῆνην
1258 3968 1333 4040 ὅπως
1352 3968 1399 4046 ἴση
1420 3966 1469 4034 καὶ
1490 3969 1587 4036 δικαία
1607 3969 1759 4056 «γενήσεται
1772 3969 1861 4064 πράτ-

281 4101 376 4143 τοντες
468 4074 536 4137 vide
558 4073 645 4138 etiam
664 4074 763 4136 Ranke
785 4073 816 4135 in
836 4073 895 4136 rita
915 4073 1002 4136 Dens.
1023 4073 1199 4157 (Encyclop.
1220 4075 1286 4137 1121.
1308 4075 1445 4154 tonulb)
1466 4073 1554 4158 p.79.

323 4194 393 4275 (¹⁵²)
424 4193 531 4257 Aesch.
552 4195 583 4255 in
605 4190 685 4254 Ctes.
705 4169 849 4274 1Ῑ).63.32.
892 4189 1031 4255 Cetermn
1053 4191 1094 4253 ihi
1115 4193 1202 4254 multa
1222 4195 1361 4255 mentitur
1379 4178 1549 4257 Aeschines.

322 4309 393 4390 (¹⁵³)
424 4310 529 4375 Aesch.
550 4304 611 4393 περὶ
632 4303 739 4397 asperii.
760 4310 902 4392 pacti:
924 4342 964 4356 -
985 4314 1020 4390 τῇ
1041 4306 1071 4372 δ’
1094 4305 1228 4397 ὑστεραίᾳ
1249 4308 1315 4378 rods
1334 4304 1485 4400 opsidpsve
1504 4304 1691 4392 ἰσοψηφῖξεεν
1710 4311 1764 4379 τὰς
1784 4309 1859 4394 γνώ-

280 4436 347 4484 μας,
366 4403 454 4489 λόγον
475 4401 506 4470 δὲ
526 4408 562 4483 με)
584 4403 757 4498 προεεὸἔνοεε·
778 4409 807 4470 ε’ν
828 4399 851 4490 ᾧ
871 4435 905 4482 με
927 4403 1014 4490 φησὶν
1034 4406 1121 4475 οὗτὸς
1139 4405 1303 4498 Φιλοκράτει
1324 4416 1472 4474 συνειπεῖν.

324 4527 394 4610 (¹⁸⁹)
427 4527 526 4608 Itaque
551 4526 711 4591 Aeschines
737 4529 795 4590 illis
821 4528 933 4593 duohns
959 4529 1031 4591 locis
1059 4550 1157 4592 seesnn
1183 4551 1244 4592 non
1269 4542 1393 4615 pugnat,
1426 4530 1457 4591 id
1484 4530 1563 4612 qnod
1595 4531 1687 4593 visum
1713 4530 1858 4618 Goellero

282 4631 401 4714 (Progr.
424 4627 532 4691 Colon.
554 4627 645 4689 1829.
666 4630 780 4713 proleg.
802 4629 868 4711 po.
890 4630 999 4709 n.16.);
1020 4631 1072 4691 sed
1092 4631 1192 4711 potius
1210 4630 1254 4719 illi
1272 4631 1330 4692 duo
1346 4632 1405 4693 loci
1420 4629 1568 4693 coniuncti
1582 4621 1857 4714 rectum'prsehent

280 4731 316 4792 ln
337 4740 410 4792 orat.
431 4722 492 4816 rapi
512 4721 620 4814 πρεσβ.
640 4728 660 4789 l.
672 4750 698 4791 c.
718 4729 878 4793 Aeschines
900 4731 1017 4793 decreta
1038 4751 1093 4813 pro
1114 4751 1146 4793 se
1167 4730 1263 4808 hahet,
1288 4743 1375 4811 atque
1396 4729 1510 4792 iuvabat
1531 4749 1597 4791 euna
1616 4730 1750 4810 terniue,
1776 4734 1857 4815 quod

281 4843 360 4893 extra
380 4829 515 4892 ordinem
535 4841 598 4892 erat
617 4828 712 4911 loqni;
738 4829 769 4891 in
790 4831 923 4895 oratione
945 4828 1076 4913 ctesiph.
1098 4830 1214 4913 (p.63.)
1235 4830 1352 4894 decreta
1372 4830 1593 4912 praetermittit,
1617 4830 1664 4910 id,
1685 4832 1765 4915 qnod
1785 4854 1857 4897 vere

282 4941 428 5008 evenerat,
449 4929 634 4993 demonstrat
788 4927 859 5010 (¹⁶⁰)
890 4929 944 4993 cir.
965 4930 1160 4995 Waehsmuth
1180 4929 1643 5016 Anuq.}1e1t1>.tu.p.³54.

1546 5037 1576 5114 F
