4636 5940
1137 395 1192 487 15
1614 504 1633 545 τ

372 608 467 683 sent,
498 614 592 693 quae
614 605 700 666 ante
722 613 806 665 eum
826 586 1072 691 sophistarum
1090 585 1227 664 scholis
1245 613 1324 665 non
1341 592 1577 667 excessissent
1592 593 1679 689 (.⁵¹)
1709 589 1953 689 Quinetiam,

371 735 414 794 ut
433 715 611 821 Gorgiam
633 719 767 820 prioris
792 718 877 792 artis
903 714 1137 819 sophisticae,
1167 739 1262 817 quac
1284 719 1324 791 in
1350 717 1517 819 qualibet
1543 721 1723 795 sententia
1750 720 1952 814 tractanda,

371 820 667 929 *Aeschinem
702 841 863 936 alterius,
901 867 994 945 quac
1027 845 1066 917 in
1100 839 1255 918 artificio
1287 846 1463 920 orationis
1495 862 1712 938 versaretur,
1747 851 1956 951 principem

370 971 483 1049 fuisse
507 986 651 1074 putant,
682 995 766 1045 cum
792 967 972 1046 scholas
961 996 1001 1044 tn
1023 967 1131 1047 Caria
1156 995 1199 1045 sc
1218 948 1344 1044 Rhodi
1370 973 1584 1047 instituisset
1607 971 1808 1050 rhetoricas
1830 977 1916 1074 (⁵²).

509 1096 649 1172 Fertmt
674 1099 772 1173 enim
799 1095 1035 1188 Aeschinem,
1070 1123 1154 1173 cum
1173 1099 1223 1197 ⁸in
1248 1122 1356 1173 causa
1381 1094 1649 1202 Ctesiphontea
1675 1098 1877 1193 cecidisset,
1912 1118 1955 1177 ut

368 1226 586 1328 ignominias
612 1239 805 1315 averteret,
834 1226 952 1327 patria
979 1247 1162 1326 egressum
1187 1247 1279 1299 esse.
1322 1220 1427 1318 Quae
1453 1248 1568 1327 porro
1595 1223 1643 1300 de
1668 1227 1779 1301 rebus
1802 1227 1954 1303 Aeschi-

369 1354 426 1428 nis
451 1351 606 1455 legimus
636 1367 711 1426 tam
738 1367 823 1425 ssmt
847 1346 1035 1425 incondita
1061 1353 1318 1454 contrariaque
1345 1354 1440 1427 inter
1466 1375 1523 1443 se,
1557 1367 1600 1426 ut
1625 1349 1721 1427 hanc
1744 1378 1824 1428 rem
1850 1357 1953 1428 intri-

369 1494 486 1555 catam
519 1476 694 1581 explicari
724 1501 834 1580 posse
863 1475 976 1583 plane
1004 1479 1073 1552 sim
1105 1473 1246 1552 diffisus
1272 1480 1358 1578 (55).
1405 1477 1559 1554 Certum
1586 1476 1624 1553 id
1652 1477 1766 1554 modo
1792 1478 1950 1574 videtur,

277 1590 282 1602 ⁸
369 1603 472 1709 quod
501 1627 611 1682 verus
634 1602 852 1680 Plutarchus
882 1607 922 1679 in
951 1606 1025 1682 vita
1049 1603 1314 1681 Demosthenis
1340 1606 1487 1701 (md.)
1514 1603 1642 1680 tradit:
1677 1607 1794 1684 ἐκεῖνος
1819 1600 1875 1695 μὲν
1902 1595 1953 1680 οὖν

369 1727 474 1810 εὐθὺς
498 1733 537 1806 in
560 1731 617 1818 νίις
642 1720 769 1810 πόλεως
794 1722 903 1825 οἴχετ’
924 1725 1029 1805 dccciv
1056 1727 1112 1806 καί
1133 1726 1202 1840 περί
1217 1722 1324 1805 Ῥόδον
1346 1726 1402 1807 sci
1415 1724 1537 1805 Ἰωνίαν
1557 1723 1765 1828 σοφιστεύων
1785 1722 1952 1811 κατεβίω-

368 1884 435 1935 σεν.
460 1854 630 1935 Fortasse
651 1860 820 1962 auspiciis
842 1861 920 1934 eius
939 1857 1067 1934 schola
1085 1856 1276 1934 Rhodiaca
1296 1860 1459 1934 instituta
1480 1873 1548 1950 est,
1570 1856 1670 1934 unde
1689 1857 1770 1936 fieri
1789 1876 1950 1962 poterat,

230 2073 235 2080 p
366 2001 409 2064 ut
432 1983 664 2063 traderentur
690 2010 785 2088 quae
804 1983 977 2089 legimuss
1007 1984 1139 2062 dixisse
1157 1983 1393 2078 Aeschinem,
1422 2009 1462 2061 se
1483 1988 1768 2088 grammaticam,
1796 2012 1873 2062 nou
1896 2013 1951 2061 ar·

366 2130 442 2191 tem
468 2111 691 2190 rhetoricam
715 2109 851 2190 docere
875 2138 985 2216 posse
1011 2113 1105 2211 (55),
1139 2116 1229 2190 item
1255 2137 1351 2217 quae
1377 2111 1627 2217 respondisset
1651 2111 1810 2189 Rhodiis
1837 2110 1952 2187 admi·

367 2240 532 2316 mutibus
551 2240 758 2315 orationem
770 2265 842 2342 pro
857 2238 1101 2342 Ctesiphonte
1113 2238 1440 2315 Demosthenicum
1455 2265 1566 2341 quam
1579 2225 1743 2342 legisset:
1767 2236 1952 2334 „Quanto

367 2368 481 2467 magis
499 2361 742 2457 admiremini,
767 2367 797 2440 si
816 2361 1006 2439 audissetis
1024 2362 1187 2466 ipsum!”
1201 2365 1274 2459 (55)
1300 2364 1352 2439 At
1372 2367 1411 2439 in
1431 2363 1590 2466 proclivi
1610 2381 1687 2440 erat
1706 2363 1855 2440 scholae
1876 2393 1951 2438 ma·

366 2492 519 2593 gistrum
544 2489 665 2565 facere
693 2514 797 2583 eum,
834 2515 946 2592 quem
971 2492 1132 2591 magistri
1159 2486 1280 2570 fitium
1306 2484 1541 2590 eundemque
1566 2483 1839 2564 adolescentem
1865 2491 1951 2563 suh-

365 2617 505 2694 levasse
528 2631 685 2719 patrem,
714 2619 824 2692 etiam
851 2631 964 2717 atque
990 2617 1100 2690 etiam
1125 2614 1309 2717 legebant.
1350 2611 1551 2716 Nunquam
1570 2639 1661 2690 vero
1683 2631 1871 2718 tamquam
1891 2641 1951 2690 so-

363 2741 486 2848 phista
508 2741 666 2819 Athenis
692 2739 840 2819 dicendi
864 2757 981 2818 artem
1006 2738 1146 2835 docuit,
1175 2755 1309 2844 utpote
1335 2743 1401 2844 qui
1424 2757 1554 2816 natura
1579 2744 1691 2844 magis
1715 2757 1753 2817 et
1774 2745 1869 2818 vitae
1893 2768 1951 2817 ra·

363 2871 529 2947 tionibus
561 2895 672 2973 quam
704 2867 828 2945 studio
860 2888 914 2944 ac·
932 2867 1090 2944 consilio
1115 2883 1242 2943 orator
1264 2865 1438 2973 publicus
1464 2871 1678 2962 exstitisoet3
1714 2867 1816 2972 quod
1842 2873 1874 2945 si
1897 2871 1951 2946 ie·

366 3000 487 3089 sisset,
521 2994 652 3071 fierine
677 3012 838 3100 poterat,
871 3012 914 3072 ut
938 2994 1210 3071 Demosthenes
1235 2993 1344 3071 huius
1370 2997 1424 3069 rei
1450 2998 1677 3071 mentionem
1707 2995 1844 3071 faceret
1868 2997 1950 3071 nul·

405 3246 465 3328 (55)
496 3246 634 3308 Philostr.
656 3244 707 3305 vit.
728 3243 765 3303 A.
786 3241 840 3301 ut
868 3237 925 3301 Τόν
946 3231 978 3300 δι
998 3233 1189 3320 αὕτοσχίδιον
1209 3234 1298 3320 λίγον
1318 3237 1427 3326 ffdv'
1395 3235 1489 3327 ευροίᾳ
1509 3265 1558 3304 scus
1548 3233 1668 3308 θείων
1689 3236 1934 3313 διατιθέμενος
1904 3268 1951 3305 εον

364 3341 447 3408 im
448 3369 478 3406 ον
504 3349 601 3405 τοῦτον
625 3346 734 3428 πρῶτος
758 3333 906 3421 ἦνίγνεωτο.
947 3336 988 3402 Το
1014 3336 1073 3426 γὰρ
1099 3334 1189 3405 θείως
1207 3333 1302 3421 λίγειν
1324 3330 1401 3403 οὔπω
1423 3331 1472 3412 μίν
1492 3339 1673 3430 ἐπεχωρίωσε
1695 3357 1764 3422 σοφι
1755 3366 1840 3404 ισεων
1860 3366 1950 3405 σπου-

366 3441 479 3516 διιῒςᾘ
460 3441 511 3504 οιιε’
530 3437 628 3524 Αίσχί
615 3467 672 3504 νιοιν
694 3434 726 3504 di
745 3433 853 3529 ἤρξατο
874 3434 1081 3530 θεοφοριίεω
1067 3465 1134 3528 spus
1120 3433 1491 3522 αὐτοσχεδιοίξονεοε,
1468 3466 1602 3531 ωεσιροι
1594 3440 1689 3510 rods
1709 3440 1860 3531 mmsis
1879 3444 1951 3506 οἰνω-
1978 3496 1983 3513 ,

365 3538 502 3610 ιινίοντεε.
523 3544 577 3607 eir.
597 3543 684 3607 Phot
706 3543 836 3608 cod.61.
857 3543 959 3607 Suidas
979 3566 1042 3606 ιν.
1055 3543 1151 3623 atax.
1170 3541 1243 3606 haec
1263 3563 1364 3626 parum
1383 3556 1503 3609 senune
1524 3565 1542 3608 e
1541 3470 1701 3608 el’hilcstr.
1722 3544 1877 3629 compilata
1897 3545 1950 3607 ha-

365 3645 417 3711 tes
436 3644 647 3727 (Remu)

405 3779 464 3863 (55)
494 3781 635 3845 Philostr.
657 3782 708 3844 vit
730 3780 813 3863 soph.
835 3779 886 3843 tib.
897 3780 921 3840 L
942 3778 1049 3862 p.:481
1078 3784 1128 3853 τῆς
1148 3770 1180 3841 di
1202 3773 1334 3898 διντίροιε
1354 3782 1552 3900 (sepseram)
1572 3776 1749 3900 M'ss‘vffl
1769 3777 1950 3871 Aptissima,

363 3885 419 3945 είίν
405 3875 495 3952 suiv
515 3874 658 3961 ’stamas
685 3885 834 3942 πολιτικῶν
855 3872 992 3951 munds,
1016 3876 1109 3968 Καρίᾳ
1130 3869 1162 3942 dt
1182 3878 1210 3942 ίν
1211 3873 1348 3956 ομιλῆσαε
1367 3905 1416 3942 και
1435 3874 1533 3962 hisp.
1575 3873 1632 3943 Καί
1652 3875 1932 3969 μιτιχειιρῒονεο
1895 3906 1950 3949 σας

364 3977 521 4048 ὑποθέσεις
544 4007 621 4043 κατα
648 3979 697 4054 τὴν
722 3975 827 4063 είχνην
854 3983 877 4043 oi
868 4006 952 4052 ιμιν
937 3977 1034 4041 scine
1062 3976 1171 4062 Αίσχίν
1147 4005 1215 4053 ν,ον
1244 3982 1269 4042 oi
1294 3973 1371 4043 δι’
1351 4007 1408 4043 asro
1429 3976 1548 4070 Γοργίου
1575 3980 1652 4044 md
1671 4006 1703 4043 το
1694 3977 1826 4069 δίξοιν.
1867 3983 1950 4046 Idem

364 4105 473 4149 nornen
497 4082 690 4166 sophistarum
714 4082 852 4144 trihnimr
876 4095 994 4165 praeter
1014 4081 1189 4146 Aeschinem
1209 4084 1325 4166 Lysiae,
1345 4081 1521 4167 Antiphonti
1541 4083 1676 4166 aliisque3
1705 4084 1788 4146 locos
1809 4084 1860 4146 eit.
1881 4083 1949 4146 vide

365 4204 411 4266 ap.
431 4184 543 4266 Kayser
562 4183 599 4244 ad
619 4183 756 4245 Philocte.
779 4184 798 4245 Ι.
810 4185 829 4246 Ι.
851 4184 875 4244 Ι.
896 4181 1005 4266 ρ.484.
1025 4182 1112 4245 Phor.
1134 4185 1201 4246 cod.
1213 4186 1263 4246 61:
1289 4177 1405 4265 λίγεειοι
1431 4175 1462 4246 di
1493 4174 1575 4251 οὗτος
1594 4190 1703 4271 πρῶτος
1724 4185 1808 4246 iareim
1830 4177 1948 4264 σχολοί·

353 4281 422 4359 ζων
441 4281 479 4344 τοὶ
498 4277 659 4356 πλιίσμοοεα
678 4277 727 4344 καί
748 4281 801 4348 reis
820 4277 977 4365 λεγομένοις
996 4276 1115 4354 μελίσας
1135 4282 1293 4346 συνθεῖναι.

407 4415 465 4500 (55)
495 4418 593 4482 Locos
614 4441 713 4484 omnes
734 4422 791 4484 iam
812 4421 879 4484 vide
901 4422 1003 4484 citatos
1024 4421 1055 4483 iu
1076 4418 1329 4485 othoniensi.
1351 4422 1458 4505 p.183.
1481 4423 1527 4485 ed.
1548 4421 1600 4485 Kr.

407 4553 464 4638 (55)
495 4554 632 4619 Lihauins
653 4559 704 4620 vit.
724 4556 830 4620 Aesch.
852 4560 937 4642 p.11.
1247 4506 1256 4525 5

320 4733 324 4746 ·
407 4688 463 4772 (55)
496 4690 561 4754 Cic.
583 4692 621 4754 de
642 4705 715 4755 orat
736 4694 851 4756 ΠΙ,56.
873 4695 948 4758 Plin.
970 4708 1028 4758 nst
1050 4696 1116 4759 hist
1131 4695 1221 4772 7,30.
1245 4697 1329 4779 epist.
1345 4695 1478 4774 usto.
1499 4694 1649 4778 Spaid‘mg.
1671 4692 1708 4756 ad
1729 4693 1871 4770 thsctil.
1892 4694 1945 4757 xl.

366 4791 433 4870 3‚6.
453 4792 592 4858 Philostr.
613 4793 664 4856 vit
686 4792 791 4856 Aeseh.
813 4796 864 4856 Ν.
886 4792 934 4859 ed.¹
955 4796 1075 4879 Kayser.
1096 4797 1183 4859 Phot
1205 4798 1271 4861 eod.
1284 4798 1333 4860 61.
