4636 5940
910 1020 1330 1111 ARGUMENTUM.

329 1438 518 1501 Prooemium
550 1484 1791 1503 .........................................
1813 1450 1906 1530 pag.1

329 1556 412 1618 PARS
434 1559 457 1617 I.
480 1564 525 1617 De
546 1567 607 1618 vila
627 1564 778 1618 Aeschinis
796 1568 968 1636 priusquam
989 1570 1031 1619 ad
1051 1568 1256 1634 rempublicam
1275 1571 1434 1633 gerendum
1456 1572 1604 1621 accederet
1632 1606 1639 1620 .
1663 1608 1669 1619 .
1693 1607 1701 1621 .
1724 1583 1808 1647 pag.
1821 1563 1910 1625 4-17

592 1681 620 1737 1.
647 1680 694 1739 De
717 1678 882 1759 parentibus
900 1678 1052 1741 Aeschinis
1074 1723 1788 1740 ........................
1811 1702 1875 1766 pag.
1891 1681 1910 1742 4

590 1798 619 1856 2.
646 1799 693 1858 De
716 1817 791 1858 anno
813 1799 899 1859 natali
922 1811 952 1859 et
972 1798 1096 1879 pueritia
1117 1798 1211 1877 deque
1233 1799 1374 1881 magistris
1399 1799 1523 1860 oratoris
1538 1826 1847 1858 ..........
1890 1801 1909 1859 5

593 1918 622 1975 3.
650 1916 809 1977 Aeschines
830 1917 861 1976 in
881 1937 967 1978 scena
987 1961 1792 1977 ...........................
1832 1942 1848 1969 »
1890 1916 1910 1975 7

550 2032 579 2115 ᾗ.
591 2034 619 2094 4.
648 2033 808 2096 Aeschines
829 2032 923 2096 scriba
952 2076 1793 2095 ............................
1832 2060 1848 2087 u
1891 2034 1910 2094 8

549 2150 578 2233 §.
590 2154 618 2212 5.
647 2155 694 2214 De
716 2155 817 2214 militia
838 2152 990 2214 Aeschinis
1014 2198 1453 2213 ...............
1473 2120 1485 2212 ι.
1509 2200 1515 2213 .
1540 2199 1547 2213 .
1570 2199 1577 2212 .
1602 2199 1608 2212 .
1632 2199 1639 2211 .
1663 2199 1670 2210 .
1693 2198 1700 2210 .
1724 2198 1731 2211 .
1755 2176 1792 2212 .:
1832 2153 1910 2212 »10

550 2268 578 2350 5.
592 2272 619 2329 s.
647 2272 694 2331 ne
715 2271 824 2330 samam
860 2314 1453 2330 ....................
1464 2252 1468 2265 “
1477 2314 1792 2330 ...........
1832 2296 1847 2321 »
1869 2271 1909 2330 12

551 2384 579 2466 §.
591 2385 620 2445 7.
647 2388 694 2447 De
716 2387 823 2447 virtute
845 2389 973 2447 oratoria
995 2408 1060 2469 pag.
1072 2388 1122 2446 13.
1154 2385 1312 2447 Aeschines
1334 2402 1401 2468 post
1422 2410 1532 2449 causam
1555 2386 1793 2468 Ctesiphonteam
1832 2412 1847 2438 ι»
1869 2388 1909 2447 15
1974 2440 1981 2453 ,

549 2501 578 2584 ᾗ.
591 2506 619 2563 8.
647 2506 693 2565 De
716 2503 844 2565 moribus
867 2518 897 2565 et
918 2516 1034 2565 externa
1054 2505 1152 2584 specie
1175 2505 1299 2564 oratoris
1322 2530 1846 2563 .................
1869 2503 1909 2564 17

328 2621 411 2681 PARS
432 2621 470 2680 II.
497 2626 653 2680 Aeschines
675 2630 796 2694 puhlicis
817 2630 901 2681 rebus
920 2627 1034 2698 sungen
1036 2647 1699 2681 ......................
1722 2643 1786 2705 pag.
1799 2622 1909 2683 18-86

550 2738 619 2823 §.L
648 2740 798 2817 Quaedam
820 2741 857 2802 de
879 2739 1029 2822 republica
1050 2738 1269 2801 Atheniensium
1290 2741 1448 2802 secuudum
1469 2741 1627 2802 Isocratem
1629 2785 1789 2799 ......
1798 2742 1908 2824 pag.18

589 2861 619 2919 2.
646 2861 693 2921 De
714 2859 889 2921 factionibus
911 2860 1016 2920 civium
1038 2859 1264 2921 Demosthenica
1285 2873 1377 2920 aetate
1385 2886 1846 2918 ...............
1868 2861 1909 2919 20

590 2979 620 3038 3.
647 2979 694 3039 De
716 2978 896 3060 principibus
917 2978 1074 3039 lactionum
1096 2979 1186 3039 Midia
1207 2977 1322 3040 Eubulo
1345 2979 1495 3040 Phocione
1517 2977 1730 3039 Demosthene.
1753 3022 1760 3036 .
1784 3022 1792 3035 .
1831 3003 1847 3030 u
1868 2976 1909 3038 24

550 2977 579 3178 Ξ.
592 3096 621 3156 4.
648 3097 694 3157 De
717 3095 862 3156 Aeschine
883 3094 1089 3156 Demosthenis
1110 3095 1275 3156 adversario
1297 3097 1457 3179 generatim
1478 3139 1791 3153 ...........
1831 3120 1846 3149 u
1868 3096 1908 3156 28

550 3211 578 3290 ᾗ.
591 3213 620 3271 5.
647 3212 694 3271 De
721 3210 807 3269 rebus
833 3210 1053 3269 Atheniensium
1081 3223 1110 3269 et
1135 3211 1263 3291 Philippi
1290 3224 1356 3270 ante
1383 3211 1491 3270 bellum
1513 3210 1692 3292 Olynthium.
1725 3212 1791 3290 (De

646 3325 856 3408 Aristophonte
878 3327 1033 3388 Azeniensi
1054 3339 1116 3389 not.
1129 3328 1215 3408 126.)
1230 3372 1791 3389 ...................
1831 3357 1846 3383 ι»
1867 3332 1909 3392 30

550 3446 578 3528 §.
592 3446 620 3506 6.
648 3446 695 3507 De
717 3447 751 3506 iis
773 3466 845 3526 quae
867 3447 932 3529 paci
946 3446 1147 3509 Philocrateae
1162 3459 1384 3509 antecesserunt
1416 3447 1574 3510 Aeschines
1589 3448 1791 3533 Megalopolin

645 3565 756 3649 legatus
778 3564 827 3625 Ol.
846 3565 953 3625 108.1
982 3595 1845 3627 .............................
1867 3571 1907 3630 33

549 3681 578 3765 §.
590 3682 619 3742 7.
647 3683 744 3743 Prima
765 3683 801 3744 ad
821 3683 987 3765 Philippum
1009 3685 1116 3768 legatio
1137 3677 1198 3770 rupi
1220 3679 1323 3770 εἶρῖνης
1355 3730 1790 3745 ...............
1830 3712 1846 3740 »
1867 3688 1907 3748 36

549 3799 577 3884 §.
591 3802 619 3861 8.
648 3800 815 3864 Conciones
829 3802 1049 3864 Atheniensium
1071 3803 1107 3864 de
1129 3823 1199 3884 pace
1221 3803 1423 3885 componenda
1443 3820 1525 3864 xvul
1540 3818 1570 3865 et
1583 3821 1637 3863 111
1650 3803 1789 3884 Elapheh.

648 3920 696 3980 Ol.
709 3921 813 3982 1080
829 3965 1758 3982 ...............................
1764 3954 1789 3980 -.
1830 3950 1844 3975 „
1866 3924 1907 3985 39

551 4037 580 4120 ᾖ.
592 4041 621 4099 9.
649 4039 695 4099 De
717 4040 804 4099 sociis
825 4038 893 4100 Ath.
916 4040 951 4099 ad
973 4061 1074 4121 pacem
1096 4041 1269 4102 assumendis
1291 4052 1321 4103 et
1342 4040 1378 4102 de
1401 4039 1595 4122 Cersoblepte
1629 4067 1844 4100 .......
1867 4042 1907 4103 42

529 4156 558 4240 §.
570 4160 620 4218 10.
647 4156 748 4218 Altera
770 4158 879 4242 legatio
900 4149 960 4243 περὶ
984 4151 1077 4244 ὅρκων.
1112 4160 1298 4241 Explicantur
1318 4181 1364 4221 res
1385 4159 1577 4223 Phocemium
1600 4187 1845 4219 ........
1867 4160 1907 4222 45

529 4273 558 4357 §.
571 4279 620 4337 11.
646 4277 763 4361 Legatis
778 4277 904 4338 Athenas
926 4279 1049 4339 reversis
1071 4280 1228 4340 conciones
1250 4277 1390 4340 hahentur
1408 4295 1477 4339 1111.
1492 4295 1548 4339 xlv
1561 4279 1689 4359 Sciroph
1690 4305 1844 4338 .....
1866 4280 1907 4341 50

519 4394 557 4477 ᾗ.
570 4396 619 4455 12.
648 4397 749 4458 Tertia
775 4396 882 4480 legatio
909 4396 945 4457 ad
966 4396 1132 4478 Philippum
1154 4410 1184 4458 et
1203 4397 1441 4480 Amphictyones.
1479 4397 1672 4459 Phocensium
1693 4418 1788 4458 rerum

646 4516 743 4576 exitus.
777 4514 983 4577 Demosthenis
1005 4516 1041 4577 de
1063 4537 1134 4597 pace
1157 4518 1250 4577 oratio
1273 4516 1544 4579 0110131111.
1567 4562 1574 4574 .
1597 4561 1605 4574 .
1628 4561 1635 4574 .
1659 4560 1666 4573 .
1689 4559 1697 4572 .
1720 4560 1728 4573 .
1750 4559 1787 4572 ·.
1828 4542 1843 4567 ι»
1864 4516 1903 4578 51

529 4629 558 4713 §.
570 4634 619 4693 13.
647 4635 694 4695 De
715 4648 848 4719 tempore
871 4635 987 4696 alterius
1009 4635 1189 4718 Philippicae
1211 4636 1361 4697 orationis.
1392 4636 1521 4717 Philippi
1542 4635 1617 4693 iutra
1638 4632 1787 4714 Pelopon-

646 4774 744 4814 nesum
758 4753 982 4815 machinationes
997 4753 1046 4816 Ol.
1058 4753 1128 4817 108.
1141 4753 1170 4814 4.
1192 4754 1253 4832 (De
1271 4748 1454 4840 δεκαδαρχῖᾳ
1474 4765 1505 4814 et
1523 4746 1680 4839 τετραρχῖᾳ
1695 4751 1789 4813 Thes-

645 4870 769 4932 salomm
790 4885 852 4934 noe
864 4872 950 4951 217.)
979 4916 1787 4933 ...........................
1827 4897 1843 4925 n
1864 4871 1905 4933 51
