4636 5940
1223 360 1280 448 56

465 558 680 634 daemonios
706 553 907 629 adiuvantia
934 568 1109 646 crescere,
1138 556 1243 628 anxia
1269 579 1353 628 cura
1374 553 1528 630 Athenis
1554 556 1782 660 intelligitur.
1822 558 1941 634 Multa
1961 578 2040 636 tum

465 684 512 759 de
537 685 606 759 hac
629 709 670 758 re
695 687 733 756 in
760 681 921 757 ecclesiis
950 697 1122 784 aguntur:
1158 680 1335 784 deceptos
1365 706 1404 755 se
1433 707 1510 757 esse
1535 685 1605 756 rati
1630 683 1873 761 Athenienses
1900 685 2039 762 delibe-

464 828 559 904 rant,
598 806 788 913 quomodo
816 824 949 883 statum
973 834 1077 883 suum
1105 811 1286 910 corrigere
1313 811 1456 909 possint
1483 811 1605 911 (poti
1623 808 1720 909 fin).
1770 809 1865 887 Sunt
1894 815 1959 915 qui
1984 839 2042 888 re·

465 966 547 1043 gem
574 963 667 1041 quae
693 939 919 1040 promisisset
945 951 1197 1010 exsecuturum
1222 959 1300 1008 esse
1324 933 1493 1010 dictitent
1517 936 1646 1036 (pos.
1667 939 1767 1039 p.73
1786 940 1870 1039 im),
1901 942 2041 1042 quique

464 1064 752 1140 machinationes
782 1062 947 1165 Philippi
978 1087 1056 1136 non
1085 1064 1124 1135 in
1153 1061 1393 1135 Athenienses
1424 1060 1506 1136 lieri
1537 1062 1608 1134 sibi
1640 1088 1851 1163 persuasum
1883 1065 2045 1142 habeant

464 1193 578 1296 (pst
591 1194 673 1290 in).
712 1188 879 1265 Conatur
897 1187 1168 1263 Demosthenes
1194 1185 1458 1279 demonstrare,
1487 1186 1703 1291 Philippum
1723 1189 1866 1265 bostem
1888 1217 1927 1267 se
1948 1218 2041 1267 sem·

463 1345 532 1422 per
563 1316 842 1391 Atheniensium
877 1313 1101 1417 reipublicae
1136 1315 1333 1416 praebere;
1371 1341 1480 1417 quam
1513 1316 1563 1389 ob
1598 1340 1742 1389 causam
1775 1317 1914 1419 singula
1949 1344 2043 1422 quae

464 1444 616 1519 hostilia
641 1441 728 1517 inde
755 1468 774 1515 a
802 1467 893 1544 pace
918 1442 1012 1516 facta
1037 1444 1197 1543 gesserit,
1228 1457 1352 1516 orator
1379 1458 1566 1517 enumerat
1593 1441 1908 1544 (p.67·69fin.);
1942 1471 2041 1519 eum·

466 1596 538 1675 que
566 1586 719 1672 propter
749 1565 910 1642 studium
942 1565 1201 1643 dominationis
1234 1566 1511 1642 Atheniensium
1543 1568 1768 1671 reipublicae
1801 1568 2042 1645 adversarium

465 1722 543 1772 esse
570 1713 744 1798 oportere
769 1694 927 1798 explicat
947 1695 1002 1797 (p.
1015 1698 1090 1793 70).
1131 1691 1278 1769 Deinde
1303 1693 1426 1786 tradit,
1457 1719 1552 1797 quae
1578 1720 1702 1770 coram
1721 1694 1912 1771 Messeniis
1938 1695 2041 1771 locu·

464 1840 523 1900 tus
550 1826 596 1898 sit
620 1825 673 1925 (p.
687 1824 763 1921 71),
798 1823 981 1923 privatim,
1012 1823 1159 1924 opinor,
1190 1846 1235 1895 eo
1261 1821 1463 1923 profectus,
1496 1846 1574 1896 non
1598 1821 1748 1924 publice
1774 1822 1913 1924 legatus
1940 1823 2040 1923 (²¹⁶).

464 1948 543 2026 Sub
569 1947 680 2024 finem
705 1945 887 2050 denique,
921 1941 1099 2023 sermonis
1123 1945 1190 2022 filo
1217 1949 1394 2050 abrupto,
1428 1950 1562 2023 iustum
1588 1946 1766 2042 declarat,
1801 1975 1947 2041 omnes,
1979 1954 2045 2053 qui

463 2079 641 2181 promissa
665 2078 765 2178 pacis
792 2101 812 2148 a
832 2072 1008 2177 Philippo
1025 2073 1189 2150 Athenas
1215 2073 1433 2167 attulissent,
1462 2077 1500 2149 in
1520 2078 1576 2149 ius
1594 2079 1730 2168 vocari,
1759 2078 1937 2179 imprimis
1960 2096 2039 2167 eos,

465 2207 530 2307 qui
563 2229 607 2278 ex
640 2201 749 2276 altera
781 2201 962 2303 legatione
994 2204 1147 2302 regressi
1178 2226 1217 2276 se
1248 2204 1494 2304 suspicionem
1524 2200 1689 2305 Philippi
1720 2205 2043 2305 pronuntiaturum

464 2329 756 2406 cavillationibus
782 2324 1058 2429 impedivissent
1082 2329 1136 2430 (p.
1150 2329 1197 2405 73
1211 2330 1293 2427 in).
1336 2327 1437 2403 llaec
1460 2330 1571 2405 verba
1594 2331 1633 2403 in
1649 2327 1897 2404 Philocratem
1915 2346 1953 2404 et
1968 2327 2041 2403 Ae·

462 2455 626 2533 schinem
651 2454 861 2556 planissime
886 2452 983 2529 dicta
1008 2470 1094 2529 sunt
1116 2458 1248 2556 prima,
1284 2457 1417 2557 quibus
1442 2456 1626 2560 populum
1651 2455 1825 2548 stimulat,
1854 2472 1897 2530 ut
1921 2455 1975 2530 illi
2002 2458 2040 2530 in

462 2587 519 2656 ius
544 2597 734 2659 vocentur.
780 2577 917 2653 Procul
942 2604 1027 2652 ase
1059 2604 1249 2654 removere
1282 2578 1405 2655 studet
1435 2608 1491 2672 ea,
1529 2607 1623 2683 quae
1649 2580 1742 2654 mala
1770 2581 1995 2682 reipublicae
2022 2607 2043 2656 e

462 2734 553 2811 pace
579 2710 724 2779 evenire
744 2707 897 2806 possint.
939 2703 1067 2777 Finem
1088 2703 1173 2778 facit
1194 2701 1271 2777 his:
1301 2703 1407 2776 Τοῦτ’
1430 2692 1500 2787 οὖν,
1528 2707 1570 2781 ὡς
1589 2698 1646 2794 μὲν
1665 2705 1867 2795 ὑπομνῆσαι,
1895 2705 1947 2778 νῦν
1967 2711 2039 2779 ἱκο-

465 2834 525 2910 soie
554 2826 686 2938 εἴρηται·
721 2829 763 2905 uic
792 2823 826 2900 δ’
854 2816 893 2899 dv
923 2823 1121 2930 ἐξετασθείη
1153 2820 1295 2918 μάλιστ’
1320 2819 1484 2939 ἀκριβῶς,
1518 2823 1562 2921 μή
1587 2823 1727 2920 γίνοιτο,
1760 2821 1787 2903 ὦ
1812 2822 1932 2909 πάντες
1955 2828 2041 2905 θεοί.

464 2951 573 3034 οὐδένα
597 2950 665 3065 γὰρ
690 2944 869 3044 βουλοίμην
895 2943 934 3026 ἂν
954 2947 1081 3043 ἔγωγε,
1108 2949 1177 3028 οὐδ’
1200 2947 1365 3032 steincile
1384 2958 1459 3029 ἔστ’
1481 2950 1701 3039 ἀπολωλέναι,
1727 2950 1812 3048 μετὰ
1833 2958 1891 3032 ποῦ
1910 2949 2041 3033 πιίνπυν

465 3077 605 3161 ιιννιλίνου
633 3078 769 3170 καὶτῆς
794 3074 1021 3173 ζημίαιιλκην
1046 3083 1219 3174 ὑποσχεῖν.
1257 3081 1316 3155 Ex
1340 3079 1397 3155 his
1422 3084 1593 3156 omnibus
1617 3098 1742 3184 patere
1768 3083 1858 3157 mibi
1879 3083 2037 3178 videtur,
2125 3130 2133 3143 -

461 3214 559 3288 hanc
585 3213 789 3285 orationem
815 3224 899 3282 ante
920 3206 1175 3283 Timarcheam
1193 3206 1387 3283 Aeschinis
1412 3206 1574 3283 habitam
1601 3226 1696 3284 esset
1726 3213 1829 3312 quasi
1851 3210 2041 3286 exordium

463 3341 551 3416 facit
575 3341 673 3413 enim
700 3339 857 3409 rixatum
883 3360 926 3409 ac
951 3337 1294 3424 controversiarum,
1330 3359 1419 3435 quas
1450 3332 1646 3409 adversarii
1671 3333 1862 3439 demagogi
1886 3341 2041 3414 invicem

463 3470 669 3541 instituunt.

603 3589 676 3665 Per
711 3606 826 3664 totam
858 3591 1062 3663 orationem
1092 3585 1258 3692 Philippi
1294 3591 1388 3663 intra
1418 3587 1718 3693 Peloponnesum
1754 3588 2040 3666 machinationes

463 3724 587 3825 potius
612 3732 863 3792 memorantur
888 3741 997 3819 quam
1023 3714 1197 3791 facinora.
1244 3714 1341 3808 Hae,
1371 3716 1614 3792 simultatibus
1639 3718 1825 3792 civitatum
1849 3714 2038 3821 Pelopon·

463 3851 686 3923 nesiacarum
713 3847 783 3918 iam
810 3840 950 3917 dudum
976 3843 1319 3934 stantibus,·totum
1343 3867 1409 3918 ver
1433 3841 1585 3918 fortasse
1608 3843 1858 3946 expleverunt.
1897 3844 2038 3920 Merce-

464 3977 586 4047 narios
613 3996 654 4044 ac
681 3973 874 4072 pecuniam
901 3995 947 4044 eo
974 3972 1071 4044 misit
1094 3994 1177 4060 rex,
1212 3971 1291 4071 ipse
1320 3995 1404 4043 cum
1429 3993 1560 4071 magno
1585 3973 1746 4045 exercitu
1773 3971 1825 4043 ibi
1853 3987 2037 4071 exspecta-

460 4115 524 4174 tur
548 4099 603 4199 (p.
617 4095 664 4169 69
684 4092 781 4192 fin).
827 4093 1019 4196 Nusquam
1046 4094 1211 4197 legimus,
1241 4121 1363 4198 regem
1390 4111 1478 4170 tunc
1503 4097 1541 4168 in
1568 4093 1867 4200 Peloponnesum
1893 4091 2036 4196 degres-

504 4364 574 4448 (Μ)
607 4362 717 4427 Conna
737 4363 917 4424 Winiewski
939 4363 1035 4446 psat
1049 4387 1092 4447 sq.
1118 4367 1217 4429 Ranhe
1238 4368 1330 4450 pso.
1351 4368 1568 4446 fiZimmermann
1590 4389 1619 4450 p.
1628 4365 1677 4428 81.
1700 4397 1739 4412 -
1760 4363 1801 4427 At
1821 4366 1869 4427 illa
1890 4367 1915 4428 si
1936 4367 2038 4430 luisset

461 4468 570 4552 legatio
596 4465 726 4550 publica,
752 4463 964 4526 Demosthenes
989 4465 1169 4549 gravioribus
1195 4467 1291 4530 serbis
1316 4490 1381 4530 usus
1407 4479 1483 4529 esset
1509 4487 1593 4548 qnam
1614 4464 1659 4527 his
1679 4464 1771 4548 (pto
1787 4465 1860 4546 fin.):
1882 4499 1923 4515 -
1944 4492 2037 4554 πονρο-

463 4561 591 4644 διίγμοιπ’
617 4560 692 4627 ἔστιν
716 4561 793 4636 ίδοῒν,
819 4555 840 4625 οἳ
864 4557 912 4625 καί
939 4562 1007 4652 πρδς
1027 4560 1202 4639 Μεσσηνίους
1225 4560 1273 4628 καί
1293 4563 1362 4654 πρόο
1380 4561 1527 4654 Ἀργείους
1552 4557 1640 4645 ἔμοιγ’
1662 4567 1747 4627 εἰπεῖν
1767 4559 1885 4640 cavilla.
1912 4589 1966 4630 nec
1987 4589 2037 4629 re-

462 4679 591 4747 pugnant
610 4667 681 4728 mihi
701 4666 790 4730 verba
810 4663 888 4749 p.'72
899 4667 948 4728 ins
969 4663 1058 4727 Ταῦτ’
1080 4660 1253 4732 ἀκούσαντος
1273 4667 1368 4728 ίιιιῒνοι
1388 4659 1436 4728 καί
1456 4659 1655 4753 θορυβοῦντες
1676 4667 1714 4732 οἷς
1734 4665 1830 4755 ὄρθι’ίς
1843 4661 1968 4747 Alyssos,
1988 4660 2036 4728 uod

462 4759 586 4826 πολλοὺς
605 4758 710 4850 ἱπίρους
730 4760 835 4847 λίγους
856 4759 932 4849 (καί)
953 4762 1031 4855 παρὰ
1050 4772 1105 4828 τοῖν
1124 4762 1273 4856 πρίσβιννν
1291 4759 1341 4828 καί
1360 4759 1497 4856 παρέντος
1516 4766 1584 4839 iusti
1603 4761 1652 4829 nai
1672 4761 1759 4830 ποίλιν
1778 4762 1902 4854 ὕστερον,
1927 4768 1965 4833 uic
1984 4765 2038 4829 ἔοι-

463 4886 521 4932 κεν,
541 4855 621 4921 οὐδὲν
641 4869 749 4934 μᾶλλον
769 4862 989 4947 ἀποσχήσονται
1009 4873 1060 4942 τῆς
1080 4862 1218 4931 Φιλίππου
1241 4861 1338 4949 φιλίοις
1359 4866 1423 4930 οὐδ’
1446 4857 1483 4930 dv
1503 4861 1723 4950 ι’ποιγγίλλιτοιι.
