4636 5940
94 728 103 741 ,
221 686 267 737 ex
293 662 426 763 quibus
457 660 519 735 alii
550 673 636 762 post
662 659 753 732 alios
779 658 1076 751 revertebantur3
1111 683 1271 761 cumque
1296 656 1383 735 inde
1407 664 1610 763 potentiam
1638 660 1805 737 adversa·
1890 734 1899 755 ,
1977 726 1980 733 .

73 836 95 859 .
220 793 374 879 riorum,
404 790 617 890 praesertim
643 787 849 859 oratoribus
877 783 1096 888 quibusdam
1123 813 1206 860 cum
1234 789 1517 890 imperatoribus
1544 786 1690 890 aliquot
1715 815 1804 865 con·
1896 840 1918 879 e,

220 916 374 990 ihnctim
400 915 603 1017 agentibus,
633 916 672 986 in
699 915 843 988 civitate
869 938 1030 988 crescere
1056 929 1093 988 et
1118 912 1291 990 inuidiam
1315 912 1595 990 Atheniensium
1621 921 1659 989 in
1681 915 1803 991 Mace·

221 1041 338 1118 dones
361 1036 635 1142 simultatesque
661 1043 700 1114 in
727 1038 805 1115 dies
832 1044 954 1145 augeri
980 1040 1236 1116 intellexisset:
1271 1041 1375 1133 haec,
1411 1058 1577 1119 metuens
1606 1069 1653 1118 ne
1680 1061 1717 1118 et
1741 1068 1803 1117 ex·

172 1252 184 1275 ,
220 1187 326 1247 terna
349 1186 386 1245 et
406 1171 546 1243 interna
568 1195 639 1270 pax
660 1185 697 1244 et
718 1170 846 1259 otium,
878 1193 972 1270 quae
993 1166 1231 1243 fundamenta
1249 1168 1477 1272 reipublicae
1501 1167 1675 1263 habebat,
1701 1196 1804 1247 erer-
1922 1194 1949 1267 j
1983 1146 1988 1155 ⁸

219 1313 398 1387 terentur,
434 1322 512 1370 non
543 1293 694 1370 sinenda
725 1296 796 1369 sibi
828 1311 926 1370 ratus
956 1322 1033 1370 uno
1061 1320 1137 1397 quo
1163 1310 1311 1398 poteret
1335 1293 1450 1370 modo
1478 1296 1716 1373 obnitebatur
1740 1323 1802 1390 eo,

220 1441 262 1500 ut
293 1426 498 1527 principem
532 1423 679 1497 illarum
710 1427 870 1525 partium
903 1421 1213 1512 Demosthenem,
1251 1426 1310 1497 cui
1337 1448 1500 1499 summos
1532 1422 1695 1499 honores
1725 1441 1806 1501 tum

223 1549 468 1654 Ctesiphonte
499 1568 650 1654 rogante
677 1549 920 1625 Athenienses
954 1547 1073 1625 daturi
1104 1566 1219 1640 erant,
1255 1547 1351 1625 hanc
1377 1552 1606 1652 rogationem
1633 1577 1805 1627 accusans
1876 1604 1879 1609 -
1949 1592 1953 1599 ·

221 1693 412 1753 utcontra
438 1678 536 1780 leges
561 1676 684 1768 latam,
715 1680 834 1779 ipsum
852 1676 1143 1751 Demosthenem
1168 1680 1324 1778 pessime
1350 1675 1396 1751 de
1422 1676 1612 1780 republica
1634 1681 1804 1752 meritum

167 1812 172 1821 '
222 1808 416 1906 omnisque
443 1805 636 1878 infortunii
660 1821 847 1879 auctorem
869 1819 1100 1895 monstraret,
1131 1828 1313 1905 quocum
1338 1807 1368 1877 si
1392 1821 1518 1907 posset
1542 1829 1693 1907 prorsus
1719 1830 1803 1907 per·
1901 1792 1913 1813 ⁸

221 1929 338 2008 deret.
385 1932 442 2004 Ex
474 1932 680 2007 civitatibus
708 1929 884 2005 Graeciae
916 1928 1081 2032 undique
1114 1946 1190 2005 erat
1216 1927 1261 2002 ad
1288 1929 1365 2006 hoc
1388 1929 1563 2005 iudicium
1589 1955 1801 2006 concursus.

224 2056 358 2153 „Quid
386 2061 485 2132 enim
512 2073 573 2132 aut
598 2074 673 2132 tam
698 2054 891 2132 visendum
917 2072 979 2132 aut
997 2054 1219 2132 audiendum
1236 2056 1320 2149 fuit,
1351 2084 1461 2159 quam
1479 2084 1705 2132 summorum
1724 2084 1804 2132 ora-

220 2202 344 2262 torum
370 2189 410 2259 in
436 2187 641 2287 gravissima
668 2210 774 2260 causa
801 2200 966 2277 accurata
994 2200 1030 2258 et
1048 2186 1244 2258 inimicitiis
1262 2187 1408 2259 incensa
1426 2183 1668 2260 contentio?”
1685 2183 1804 2282 (Cice-

221 2315 321 2387 ronis
347 2313 459 2388 verba
486 2329 570 2388 sunt
597 2309 643 2386 de
671 2329 746 2416 opt.
767 2337 846 2416 gen.
866 2314 943 2410 on).
981 2308 1077 2386 Sane
1103 2311 1300 2384 inimicitiis
1326 2313 1472 2385 incensa
1495 2313 1703 2385 contentio:
1732 2313 1805 2385 rita

220 2438 369 2543 publica
387 2443 578 2542 utriusque
596 2441 790 2542 agebatur;
818 2436 903 2513 ideo
921 2441 1111 2540 utriusque
1129 2441 1167 2511 in
1186 2439 1413 2511 orationibus
1431 2439 1634 2539 gannientis
1653 2434 1804 2512 menda·

222 2569 276 2641 cia
303 2566 599 2659 insolentissima,
628 2565 872 2641 contumeliae
898 2567 1098 2641 verborum
1124 2567 1162 2639 in
1189 2563 1343 2639 alterum
1370 2566 1416 2638 ab
1443 2564 1560 2639 altero
1583 2563 1801 2655 cumulatae,

220 2719 376 2796 quarum
407 2708 552 2767 nosmet
582 2696 716 2767 nostris
747 2694 976 2795 temporibus
1008 2690 1130 2766 taedet
1160 2694 1384 2794 nomineque
1411 2717 1587 2766 canorum
1614 2706 1803 2767 oratorum

222 2818 351 2923 pudet.
387 2819 530 2894 Tamen
556 2822 610 2894 uti
636 2817 704 2892 hac
731 2844 836 2893 causa
862 2834 973 2921 atque
1001 2822 1153 2893 omnino
1180 2822 1323 2895 ratione
1348 2816 1542 2919 loquendi,
1571 2820 1621 2890 ita
1641 2816 1699 2890 his
1716 2841 1805 2891 con-

219 2949 320 3021 viciis
346 2945 529 3021 Aeschine
556 2949 726 3048 superior
752 2948 887 3021 exstitit
912 2944 1200 3022 Demosthenes.

361 3073 534 3174 Longum
561 3089 615 3145 est
641 3098 764 3168 neque
791 3070 836 3140 ad
863 3084 986 3139 nostra
1014 3093 1112 3140 nunc
1138 3071 1325 3169 pertinens
1352 3070 1544 3168 exquirere
1561 3082 1598 3140 et
1614 3074 1801 3171 persequi,

220 3225 293 3300 qna
319 3195 524 3269 admirabili
549 3210 660 3296 atque
688 3192 951 3296 elegantissima
977 3195 1120 3266 ratione
1140 3190 1412 3266 Demosthenes
1438 3218 1506 3295 per
1531 3209 1647 3267 totam
1669 3198 1804 3269 oratio·

219 3348 305 3398 nem
331 3349 375 3397 ex
392 3348 456 3396 sua
475 3323 714 3422 omniumque
733 3318 1026 3411 Atheniensium,
1055 3321 1158 3394 cuius
1175 3344 1283 3422 saepe
1302 3323 1529 3394 mentionem
1546 3319 1645 3413 lacit,
1676 3347 1803 3423 quam-

220 3475 294 3554 que
321 3475 359 3525 se
381 3458 535 3523 'auctore
561 3464 650 3522 tunc
676 3472 822 3549 semper
848 3473 911 3521 eos
939 3463 1083 3521 secutos
1106 3472 1184 3521 esse
1204 3445 1402 3549 praedicat,
1432 3444 1547 3548 gloria
1566 3473 1587 3521 a
1605 3448 1805 3523 maioribus

113 3654 116 3665 ,
220 3593 369 3681 accepta
395 3601 453 3650 res
480 3591 595 3677 gestas
622 3575 781 3677 explicet
798 3576 898 3673 (²⁹⁸),
928 3572 1173 3648 adversarium
1193 3576 1332 3648 acerbis
1350 3573 1488 3648 facetiis
1508 3571 1661 3649 irridens
1680 3573 1803 3649 dictis·

221 3730 294 3807 que
332 3700 566 3776 mordacibus
601 3727 767 3805 pungens
805 3704 844 3775 in
881 3700 1087 3804 periculum
1122 3704 1303 3804 proiiciat.
1355 3698 1669 3804 Unumquemque
1702 3706 1803 3779 iuva-

153 3836 161 3843 '
221 3831 277 3905 bit
302 3856 343 3905 ac
369 3828 476 3905 valde
503 3827 700 3904 delectabit
725 3832 822 3903 inter
847 3826 1043 3931 legendum
1069 3827 1142 3903 hoc
1168 3845 1362 3932 spectasse.
1412 3828 1539 3932 Ipsum
1564 3828 1801 3922 Aeschinem,

221 4145 325 4209 Aesch.
338 4147 368 4206 in
380 4144 460 4207 Ctes.
472 4167 501 4226 p.
509 4145 548 4206 89
556 4159 627 4207 extr.
639 4145 712 4207 sere.
734 4145 825 4206 schol.
839 4145 927 4205 Bekk.
942 4145 1048 4226 phos.
1070 4145 1164 4221 Alios,
1181 4147 1230 4226 qui
1244 4145 1366 4208 Athenis
1382 4146 1580 4224 decessissent,
1596 4145 1631 4207 ab
1644 4147 1803 4230 Areopago

222 4245 368 4307 damnatos
391 4246 457 4307 vide
472 4247 544 4328 Lyc.
560 4247 590 4306 in
610 4246 717 4307 Leocr.
732 4246 781 4306 13.
804 4245 841 4306 cl.
862 4245 984 4306 alterum
1006 4246 1041 4305 ad
1064 4258 1135 4306 orat.
1158 4247 1194 4309 de
1218 4269 1279 4307 cor.
1301 4269 1411 4332 argum.
1428 4280 1468 4294 -
1488 4240 1537 4308 nul
1557 4244 1632 4307 κατὰ
1652 4251 1706 4305 τῶν
1726 4240 1804 4332 βαρ-

220 4337 320 4432 βάρων
341 4340 526 4432 ἐστράτευσεν
549 4347 755 4425 (Alexander)·
782 4348 805 4405 oi
827 4336 858 4406 bl
876 4344 1025 4417 Ἀθηναῖοι
1053 4343 1146 4432 καιρὸν
1172 4339 1254 4426 ἔχειν
1280 4341 1409 4419 ἐνόμισαν
1434 4344 1521 4435 κρίσει
1542 4344 1716 4434 παραδοῦναι
1737 4342 1804 4411 retis

220 4437 359 4531 προδὸτας
379 4444 445 4511 rotis
465 4445 514 4519 τὴν
533 4443 664 4509 Ἑλλάδα
683 4440 893 4519 ἅδικῆσαντας,
913 4440 961 4507 καὶ
983 4440 1054 4507 οὕτω
1078 4440 1271 4534 συνεκροτῆθη
1292 4445 1323 4508 ab
1347 4443 1530 4535 δικαπῆριον.

263 4566 332 4649 (¹⁹⁸)
364 4584 396 4631 ut
416 4593 445 4652 p.
457 4570 518 4632 247
531 4610 544 4620 -
556 4572 627 4632 249.
650 4572 702 4632 cfr.
723 4594 752 4652 p.
764 4571 835 4632 258.
852 4570 921 4633 284.
939 4571 1000 4632 288
1017 4572 1065 4631 fin.
1088 4594 1116 4652 p.
1128 4572 1188 4632 295
1206 4585 1236 4632 et
1251 4572 1326 4633 296:
1353 4573 1544 4634 Athenienses
1565 4572 1658 4655 egisse
1680 4571 1803 4652 perinde

221 4680 306 4749 atque
329 4671 360 4730 in
381 4669 465 4732 bellis
480 4672 618 4742 Persicis,
640 4694 670 4733 se
693 4672 722 4732 id
744 4674 863 4745 invisse;
886 4694 957 4756 ergo
980 4685 1009 4733 et
1030 4673 1122 4753 ipsum
1142 4686 1171 4732 et
1184 4673 1322 4753 populum
1338 4671 1372 4732 ab
1387 4672 1531 4734 Aeschine
1547 4671 1682 4732 accusari.
1705 4672 1802 4753 past

219 4789 251 4831 se
272 4769 334 4850 plus
358 4773 450 4854 egisse
474 4793 557 4851 quarn
579 4771 790 4853 Thrasybulum
817 4772 1011 4835 Callistratum
1036 4772 1277 4855 Aristophontem
1303 4770 1474 4853 Cephalum.
1503 4796 1531 4854 p.
1544 4773 1614 4833 310.
1637 4795 1665 4852 p.
1678 4772 1738 4833 325
1754 4772 1802 4831 fin.

222 4882 278 4930 cet.
297 4884 352 4932 cet.

1364 4980 1570 5083 ,Μι
