4636 5940
1131 366 1317 458 61Ι

368 566 501 642 dirent.
539 562 597 640 Ne
622 589 738 667 porro
764 587 892 665 pacem
919 560 1245 665 reprehenderent,
1275 567 1314 637 in
1341 589 1414 667 qua
1441 568 1470 640 si
1497 564 1587 669 quid
1610 592 1686 642 non
1710 587 1805 646 esset
1822 566 1948 676 aptum

366 696 609 795 corrigerent3
643 717 689 765 ne
716 687 821 765 dictis
849 688 1144 765 maledicentium
1171 706 1360 765 oratorum
1387 691 1593 769 obedirent.
1640 694 1739 769 Tum
1764 694 1950 798 postulata

366 818 412 894 ad
437 817 654 922 Philippum
679 814 833 891 ridicule
860 817 1118 919 superbissima
1144 833 1255 919 atque
1282 822 1573 921 arrogantissima
1599 819 1700 897 data:
1730 838 1772 897 ut
1789 821 1945 925 Amphi·

364 947 483 1051 polim
509 942 692 1036 redderet,
721 947 809 1018 item
832 942 1098 1036 Halonnesum,
1129 970 1223 1047 quae
1250 948 1414 1047 ipsorum
1440 946 1588 1039 fuisset;
1616 964 1658 1022 ut
1674 966 1825 1024 ceterae
1854 974 1947 1052 quo·

366 1100 438 1177 que
457 1072 635 1149 Graeciae
652 1075 829 1162 civitates,
860 1074 999 1145 etiamsi
1017 1074 1055 1144 in
1072 1096 1201 1173 pacem
1218 1097 1297 1146 non
1316 1090 1437 1149 essent
1455 1090 1637 1177 receptae,
1659 1075 1798 1151 liberae
1816 1080 1946 1180 suique

365 1204 453 1276 iuris
480 1215 601 1274 essent
625 1199 726 1297 (²²⁵),
761 1214 802 1272 ut
829 1196 1091 1300 Cersohleptes
1123 1202 1201 1301 ipse
1233 1197 1279 1272 ad
1306 1224 1436 1301 pacem
1462 1199 1669 1303 foedusque
1695 1199 1948 1280 admitteretur

364 1327 490 1427 (Dem.
519 1354 555 1398 π.
580 1352 727 1433 rapere.
752 1326 909 1428 pass).
955 1323 1176 1427 Legationes
1208 1323 1295 1399 hinc
1325 1322 1413 1399 inde
1444 1326 1643 1428 proficisci,
1678 1328 1790 1402 multa
1819 1328 1949 1403 dehis

366 1454 520 1556 aliisque
546 1453 657 1527 rebus
684 1456 752 1553 agi.
792 1451 1035 1554 Hegesippus,
1066 1454 1130 1554 qui
1157 1478 1241 1525 cum
1267 1451 1346 1526 aliis
1370 1453 1555 1555 postulata
1581 1452 1645 1527 illa
1669 1452 1714 1527 ad
1732 1453 1948 1558 Philippum

366 1581 557 1672 afferebat,
587 1606 671 1654 cum
697 1582 913 1653 accerrimus
940 1581 1016 1652 eius
1043 1576 1268 1654 adversarius
1295 1595 1402 1673 esset,
1431 1582 1587 1682 graviter
1612 1583 1808 1683 minusque
1833 1585 1948 1656 comi·

363 1725 421 1784 ter
445 1705 571 1783 Pellae
597 1722 792 1798 tractatur,
827 1709 917 1807 quin
944 1709 1053 1781 etiam
1079 1704 1277 1808 hospitem,
1314 1708 1379 1808 qui
1404 1704 1508 1780 illum
1536 1725 1741 1810 exceperat,
1769 1706 1947 1782 Xenocli-

366 1834 450 1910 dem
475 1859 589 1936 regno
617 1830 758 1937 expulit
783 1858 847 1907 rex
865 1834 965 1932 (²²⁶).
1006 1829 1154 1907 Deinde
1179 1829 1376 1935 Philippus
1403 1833 1559 1935 epistola
1577 1832 1741 1909 Athenas
1764 1838 1872 1909 missa
1889 1859 1946 1909 re-

364 1960 543 2066 spondet:
571 1958 829 2065 Amphipolim
854 1986 956 2034 suam
980 1984 1057 2034 esse
1079 1984 1123 2034 ex
1147 1975 1270 2063 pacto,
1296 1975 1338 2034 ut
1355 1975 1498 2036 teneret
1515 1985 1610 2064 quae
1628 1961 1781 2036 haberet
1798 1962 1945 2064 (p.83);

367 2089 633 2179 Halonnesum,
664 2113 774 2190 quam
800 2090 939 2190 piratae
959 2085 1124 2162 Sostrato
1144 2089 1349 2190 eripuisset,
1367 2088 1421 2162 iis
1441 2112 1479 2162 se
1497 2085 1600 2162 dono
1619 2085 1726 2181 dare;
1755 2104 1948 2190 ceteraque

364 2216 503 2318 singula
538 2212 699 2290 exhibet.
748 2210 892 2288 Sensim
925 2217 1135 2314 sensimque
1167 2239 1381 2315 persuasum
1414 2212 1550 2287 hahere
1584 2211 1801 2317 Philippum
1835 2239 1947 2317 opor·

363 2345 448 2434 tuit,
483 2365 672 2440 nunquam
698 2341 831 2413 arctius
858 2339 927 2412 sibi
953 2341 1157 2412 coniunctis
1183 2336 1551 2413 Atheniensibusuti
1574 2363 1698 2440 posse,
1733 2343 1948 2441 priusquam

364 2465 469 2543 clade
494 2482 643 2567 accepta
671 2463 717 2539 de
743 2464 885 2567 fastigio
912 2462 1045 2540 deiecti
1063 2481 1195 2538 essent.
1234 2461 1315 2537 Nec
1331 2462 1503 2566 profecto
1521 2460 1848 2565 reprehendendus
1867 2490 1947 2540 esse

365 2592 527 2684 ridetur,
565 2589 667 2693 quod
701 2596 879 2665 continuo
913 2594 1071 2665 irritatus
1103 2591 1280 2691 paulatim
1312 2593 1469 2663 maiores
1499 2589 1779 2664 Atheniensium
1812 2594 1950 2668 civitati

364 2743 493 2824 parare
525 2715 665 2793 studuit
695 2713 855 2790 insidias.
905 2715 996 2790 Mox
1027 2712 1232 2792 Pherarum
1260 2739 1387 2791 'arcem
1421 2720 1614 2820 occuparit
1647 2733 1685 2791 et
1715 2719 1949 2792 Ambraciam

364 2870 549 2950 aggressus
575 2860 630 2920 est
655 2844 709 2947 (p.
722 2845 799 2942 84).

505 2969 755 3074 Cogitandum
782 2987 903 3046 autem
931 2987 998 3063 est,
1026 2969 1117 3046 haec
1135 2986 1214 3045 tum
1235 2968 1390 3045 Athenis
1417 2973 1473 3071 agi
1499 2951 1656 3045 dissidiis
1682 2969 1883 3046 lactionum
1910 2972 1949 3045 in

365 3100 442 3177 dies
468 3099 717 3202 gliscentibus.
762 3096 904 3168 Tamen
935 3119 1066 3195 parum
1098 3092 1145 3166 de
1173 3097 1216 3166 iis
1242 3108 1397 3169 constat.
1445 3092 1574 3169 Causis
1599 3098 1749 3196 privatis
1775 3120 1852 3187 eos,
1884 3100 1949 3198 qui

365 3243 407 3301 ut
431 3226 646 3299 amicissima
678 3223 753 3321 regi
784 3217 993 3321 respublica
1020 3232 1115 3293 esset
1140 3219 1356 3321 cupiebant,
1391 3221 1557 3294 insectati
1584 3243 1661 3294 esse
1686 3217 1858 3295 videntur
1884 3220 1947 3295 ad·
2057 3278 2061 3282 -

366 3353 515 3430 versarii
541 3352 648 3452 regis,
679 3350 744 3450 qui
769 3344 882 3420 iidem
898 3344 1053 3421 stimulis
1071 3342 1291 3447 quibusdam
1308 3347 1441 3419 civium
1459 3348 1588 3420 animis
1606 3342 1766 3420 studium
1785 3345 1875 3421 belli
1892 3350 1947 3422 in·

366 3479 565 3555 serebant·
589 3477 704 3577 Atqui
728 3472 896 3548 Eubulus
922 3476 961 3547 in
986 3499 1078 3575 pace
1105 3470 1332 3549 observanda
1358 3488 1525 3548 strenuus
1543 3473 1690 3548 silentio
1707 3478 1820 3577 magis
1838 3502 1948 3577 quam

365 3630 514 3681 rumore
540 3599 711 3678 studiosis
737 3600 828 3675 belli
854 3602 1000 3692 resistit,
1036 3616 1072 3674 et
1097 3616 1175 3675 tota
1202 3610 1257 3690 ea',
1293 3626 1378 3701 qua,
1413 3615 1456 3674 ut
1482 3603 1777 3703 omnitempore
1803 3601 1947 3704 populo

367 3758 470 3809 carus
488 3746 733 3833 acceptusque
751 3727 833 3819 suit,
862 3727 1035 3801 utebatur
1051 3729 1280 3818 auctoritate,
1311 3729 1475 3827 quamvis
1498 3752 1704 3820 senescens,
1732 3726 1804 3802 illis
1822 3745 1946 3830 patro·

366 3863 522 3951 sinatur,
557 3860 622 3959 qui
648 3858 764 3958 quieti
789 3852 1029 3956 indulgebant
1060 3856 1173 3956 inque
1200 3878 1242 3928 ea
1268 3855 1533 3946 connivehant,
1568 3879 1782 3957 persuasum
1808 3854 1947 3929 habens

367 4015 451 4062 cum
477 3984 551 4077 his,
580 3982 795 4086 Philippum
821 3978 919 4056 haud
945 3984 996 4054 ita
1020 3978 1169 4055 hostilia
1195 3979 1366 4055 adversus
1391 3979 1574 4082 populum
1601 3984 1752 4073 sentire,
1787 3981 1850 4056 sed
1877 4007 1946 4086 po·

366 4119 438 4189 tius
464 4117 565 4216 ipsos
590 4109 833 4185 Athenienses
859 4109 905 4182 ab
933 4108 1141 4183 oratoribus
1167 4108 1311 4210 aliquot
1336 4111 1511 4183 excitatos
1537 4133 1621 4183 eum
1647 4107 1838 4184 lacessere.
1875 4110 1946 4183 Ita·

409 4425 480 4509 (¹²⁵)
511 4427 604 4512 Legat
630 4449 702 4509 quae
725 4429 762 4490 de
783 4426 827 4488 his
849 4426 909 4511 agit
931 4426 1092 4488 orationem
1114 4426 1150 4488 de
1173 4427 1352 4502 Halonneso,
1379 4437 1408 4488 et
1434 4426 1586 4508 epistolam
1607 4425 1735 4506 Philippi
1761 4425 1886 4486 crationi
1908 4426 1946 4488 de

339 4600 343 4607 ,
369 4551 402 4593 ea
417 4528 529 4589 habitae
544 4527 693 4590 adiectam.
714 4527 938 4589 ciWiniewski
952 4526 1049 4610 p.140
1059 4548 1101 4608 sq.
1113 4558 1154 4574 -
1168 4527 1314 4609 Droysen.
1329 4527 1404 4608 psa
1420 4528 1582 4589 orationem
1597 4526 1633 4587 de
1648 4524 1773 4585 Halonn.
1789 4522 1884 4586 hieme
1899 4537 1948 4587 ant

368 4650 437 4692 vere
460 4628 509 4692 01.
522 4629 592 4689 109.
605 4629 636 4704 2,
657 4628 720 4688 init
742 4648 766 4687 a.
778 4628 840 4690 342
862 4628 998 4705 collocat,
1019 4629 1156 4709 quoniam
1177 4627 1367 4710 expeditionis
1389 4628 1419 4688 in
1433 4625 1615 4688 Ambraciam
1637 4624 1739 4699 iactae,
1759 4624 1888 4686 nondum
1901 4637 1946 4686 ta·

368 4750 435 4791 men
458 4730 618 4791 Thracicae
639 4728 749 4789 mentio
771 4728 864 4806 fieret,
886 4750 970 4810 mam
990 4728 1081 4790 Diod.
1092 4727 1218 4791 xv1.71
1242 4749 1317 4791 anno
1336 4708 1399 4789 '342
1421 4726 1563 4809 sosigene
1584 4723 1676 4787 Arch.
1696 4725 1858 4809 assignavit.

411 4866 482 4950 (⁹¹⁶)
511 4870 598 4934 Dent.
619 4894 651 4930 π.
671 4892 795 4956 tapete·
817 4868 922 4951 past.
949 4869 1001 4932 cir.
1023 4884 1054 4933 et
1074 4870 1192 4953 Ulpiani
1214 4869 1305 4935 schol.
1327 4869 1363 4932 ad
1385 4868 1411 4929 h.
1424 4868 1444 4929 l.
1466 4862 1945 4949 edit.Dobson.p.13l.p.157.
