<?xml version="1.0" encoding="UTF-8"?>
<!DOCTYPE html PUBLIC "-//W3C//DTD XHTML 1.0 Transitional//EN"
    "http://www.w3.org/TR/xhtml1/DTD/xhtml1-transitional.dtd">
<html xmlns="http://www.w3.org/1999/xhtml" xml:lang="en" lang="en">
 <head>
  <title>
</title>
<meta http-equiv="Content-Type" content="text/html;charset=utf-8" />
  <meta name='ocr-system' content='tesseract 3.04.00' />
  <meta name='ocr-capabilities' content='ocr_page ocr_carea ocr_par ocr_line ocrx_word'/>
</head>
<body>
  <div class='ocr_page' id='page_1' title='image "./deaeschinisorat00stecgoog_0062.png"; bbox 0 0 4636 5940; ppageno 0'>
   <div class='ocr_carea' id='block_1_1' title="bbox 1293 64 1328 147">
    <p class='ocr_par' dir='ltr' id='par_1_1' title="bbox 1293 64 1328 147">
     <span class='ocr_line' id='line_1_1' title="bbox 1293 64 1328 147; baseline 0 0"><span class='ocrx_word' id='word_1_1' title='bbox 1293 64 1328 147; x_wconf 60' lang='grc' dir='ltr'><strong>’ἲ</strong></span> 
     </span>
    </p>
   </div>
   <div class='ocr_carea' id='block_1_2' title="bbox 1206 192 1235 241">
    <p class='ocr_par' dir='ltr' id='par_1_2' title="bbox 1206 192 1235 241">
     <span class='ocr_line' id='line_1_2' title="bbox 1206 192 1235 241; baseline 0 -2"><span class='ocrx_word' id='word_1_2' title='bbox 1206 192 1235 241; x_wconf 63' lang='grc'>1</span> 
     </span>
    </p>
   </div>
   <div class='ocr_carea' id='block_1_3' title="bbox 995 393 1202 487">
    <p class='ocr_par' dir='ltr' id='par_1_3' title="bbox 995 393 1202 487">
     <span class='ocr_line' id='line_1_3' title="bbox 995 393 1202 487; baseline -0.005 0"><span class='ocrx_word' id='word_1_3' title='bbox 995 393 1202 487; x_wconf 76' lang='grc'><strong>’51</strong></span> 
     </span>
    </p>
   </div>
   <div class='ocr_carea' id='block_1_4' title="bbox 295 585 1979 3340">
    <p class='ocr_par' dir='ltr' id='par_1_4' title="bbox 374 585 1968 2059">
     <span class='ocr_line' id='line_1_4' title="bbox 382 585 1968 699; baseline 0.003 -33"><span class='ocrx_word' id='word_1_4' title='bbox 382 594 532 666; x_wconf 88' lang='lat' dir='ltr'><strong>iurasse.</strong></span> <span class='ocrx_word' id='word_1_5' title='bbox 580 588 703 665; x_wconf 85' lang='lat' dir='ltr'><strong>Etiam</strong></span> <span class='ocrx_word' id='word_1_6' title='bbox 728 591 914 664; x_wconf 88' lang='lat' dir='ltr'><strong>sociorum</strong></span> <span class='ocrx_word' id='word_1_7' title='bbox 939 613 1090 663; x_wconf 87' lang='lat' dir='ltr'><strong>suorum</strong></span> <span class='ocrx_word' id='word_1_8' title='bbox 1117 591 1182 692; x_wconf 90' lang='lat' dir='ltr'><strong>qui</strong></span> <span class='ocrx_word' id='word_1_9' title='bbox 1208 585 1409 664; x_wconf 76' lang='lat' dir='ltr'><strong>adfuissent</strong></span> <span class='ocrx_word' id='word_1_10' title='bbox 1434 594 1584 666; x_wconf 91' lang='lat' dir='ltr'><strong>nomina</strong></span> <span class='ocrx_word' id='word_1_11' title='bbox 1608 595 1772 695; x_wconf 76' lang='lat' dir='ltr'><strong>scripsit,</strong></span> <span class='ocrx_word' id='word_1_12' title='bbox 1805 612 1844 670; x_wconf 89' lang='lat' dir='ltr'><strong>et</strong></span> <span class='ocrx_word' id='word_1_13' title='bbox 1866 599 1968 699; x_wconf 87' lang='lat' dir='ltr'><strong>ipso·</strong></span> 
     </span>
     <span class='ocr_line' id='line_1_5' title="bbox 381 692 1966 817; baseline 0.005 -25"><span class='ocrx_word' id='word_1_14' title='bbox 381 727 465 792; x_wconf 80' lang='lat' dir='ltr'><strong>rum</strong></span> <span class='ocrx_word' id='word_1_15' title='bbox 491 734 528 792; x_wconf 90' lang='lat' dir='ltr'><strong>et</strong></span> <span class='ocrx_word' id='word_1_16' title='bbox 554 720 739 794; x_wconf 77' lang='lat' dir='ltr'><strong>civitatum</strong></span> <span class='ocrx_word' id='word_1_17' title='bbox 758 740 907 809; x_wconf 90' lang='lat' dir='ltr'><strong>eorum;</strong></span> <span class='ocrx_word' id='word_1_18' title='bbox 936 718 1002 817; x_wconf 91' lang='lat' dir='ltr'><strong>qui</strong></span> <span class='ocrx_word' id='word_1_19' title='bbox 1019 731 1105 817; x_wconf 91' lang='lat' dir='ltr'><strong>post</strong></span> <span class='ocrx_word' id='word_1_20' title='bbox 1122 717 1318 807; x_wconf 85' lang='lat' dir='ltr'><strong>venissent,</strong></span> <span class='ocrx_word' id='word_1_21' title='bbox 1348 741 1412 795; x_wconf 89' lang='lat' dir='ltr'><strong>eos</strong></span> <span class='ocrx_word' id='word_1_22' title='bbox 1432 743 1472 793; x_wconf 91' lang='lat' dir='ltr'><strong>se</strong></span> <span class='ocrx_word' id='word_1_23' title='bbox 1491 717 1654 793; x_wconf 78' lang='lat' dir='ltr'>Athenas</span> <span class='ocrx_word' id='word_1_24' title='bbox 1674 692 1868 796; x_wconf 74' lang='lat' dir='ltr'><strong>minirum</strong></span> <span class='ocrx_word' id='word_1_25' title='bbox 1889 748 1966 800; x_wconf 89' lang='lat' dir='ltr'><strong>esse</strong></span> 
     </span>
     <span class='ocr_line' id='line_1_6' title="bbox 382 841 1965 946; baseline 0.004 -28"><span class='ocrx_word' id='word_1_26' title='bbox 382 847 554 946; x_wconf 77' lang='lat' dir='ltr'><strong>promisit</strong></span> <span class='ocrx_word' id='word_1_27' title='bbox 578 845 681 940; x_wconf 78' lang='lat'><strong>(¹⁹⁶).</strong></span> <span class='ocrx_word' id='word_1_28' title='bbox 729 841 878 917; x_wconf 86' lang='lat' dir='ltr'>Deinde</span> <span class='ocrx_word' id='word_1_29' title='bbox 903 845 1004 944; x_wconf 87' lang='lat' dir='ltr'><strong>ipsos</strong></span> <span class='ocrx_word' id='word_1_30' title='bbox 1029 842 1169 944; x_wconf 84' lang='lat' dir='ltr'><strong>legatos</strong></span> <span class='ocrx_word' id='word_1_31' title='bbox 1195 845 1389 934; x_wconf 80' lang='lat' dir='ltr'><strong>excusavit,</strong></span> <span class='ocrx_word' id='word_1_32' title='bbox 1428 841 1530 946; x_wconf 91' lang='lat' dir='ltr'><strong>quod</strong></span> <span class='ocrx_word' id='word_1_33' title='bbox 1557 843 1692 921; x_wconf 91' lang='lat' dir='ltr'><strong>diutius</strong></span> <span class='ocrx_word' id='word_1_34' title='bbox 1717 847 1873 923; x_wconf 75' lang='lat' dir='ltr'><strong>Athenis</strong></span> <span class='ocrx_word' id='word_1_35' title='bbox 1900 852 1965 926; x_wconf 83' lang='lat' dir='ltr'><strong>ab·</strong></span> 
     </span>
     <span class='ocr_line' id='line_1_7' title="bbox 380 968 1965 1072; baseline 0.004 -26"><span class='ocrx_word' id='word_1_36' title='bbox 380 970 547 1062; x_wconf 89' lang='lat' dir='ltr'><strong>fuissent,</strong></span> <span class='ocrx_word' id='word_1_37' title='bbox 576 974 696 1072; x_wconf 91' lang='lat' dir='ltr'><strong>ipsum</strong></span> <span class='ocrx_word' id='word_1_38' title='bbox 724 994 763 1044; x_wconf 91' lang='lat' dir='ltr'><strong>se</strong></span> <span class='ocrx_word' id='word_1_39' title='bbox 789 994 853 1044; x_wconf 91' lang='lat' dir='ltr'><strong>eos</strong></span> <span class='ocrx_word' id='word_1_40' title='bbox 879 985 1148 1062; x_wconf 62' lang='lat' dir='ltr'><strong>moratum,„ut</strong></span> <span class='ocrx_word' id='word_1_41' title='bbox 1172 968 1452 1045; x_wconf 82' lang='lat' dir='ltr'><strong>reconciliarent</strong></span> <span class='ocrx_word' id='word_1_42' title='bbox 1478 974 1548 1046; x_wconf 91' lang='lat' dir='ltr'><strong>sibi</strong></span> <span class='ocrx_word' id='word_1_43' title='bbox 1572 970 1781 1050; x_wconf 86' lang='lat' dir='ltr'><strong>Pharsalios</strong></span> <span class='ocrx_word' id='word_1_44' title='bbox 1802 976 1965 1054; x_wconf 85' lang='lat' dir='ltr'><strong>Haleen-</strong></span> 
     </span>
     <span class='ocr_line' id='line_1_8' title="bbox 380 1092 1964 1203; baseline 0.005 -31"><span class='ocrx_word' id='word_1_45' title='bbox 380 1122 510 1200; x_wconf 90' lang='lat' dir='ltr'><strong>sesque</strong></span> <span class='ocrx_word' id='word_1_46' title='bbox 538 1100 642 1194; x_wconf 80' lang='lat'><strong>(¹⁹⁷).</strong></span> <span class='ocrx_word' id='word_1_47' title='bbox 685 1092 861 1188; x_wconf 87' lang='lat' dir='ltr'><strong>Addidit,</strong></span> <span class='ocrx_word' id='word_1_48' title='bbox 895 1120 934 1181; x_wconf 90' lang='lat' dir='ltr'><strong>se</strong></span> <span class='ocrx_word' id='word_1_49' title='bbox 965 1095 1104 1171; x_wconf 91' lang='lat' dir='ltr'><strong>liberos</strong></span> <span class='ocrx_word' id='word_1_50' title='bbox 1129 1092 1285 1171; x_wconf 85' lang='lat' dir='ltr'><strong>reddere</strong></span> <span class='ocrx_word' id='word_1_51' title='bbox 1310 1101 1473 1198; x_wconf 83' lang='lat' dir='ltr'><strong>captivos</strong></span> <span class='ocrx_word' id='word_1_52' title='bbox 1501 1098 1763 1193; x_wconf 79' lang='lat' dir='ltr'><strong>Athenienses,</strong></span> <span class='ocrx_word' id='word_1_53' title='bbox 1798 1106 1889 1203; x_wconf 91' lang='lat' dir='ltr'><strong>quin</strong></span> <span class='ocrx_word' id='word_1_54' title='bbox 1916 1128 1964 1180; x_wconf 90' lang='lat' dir='ltr'><strong>ne</strong></span> 
     </span>
     <span class='ocr_line' id='line_1_9' title="bbox 379 1220 1964 1331; baseline 0.004 -32"><span class='ocrx_word' id='word_1_55' title='bbox 379 1227 554 1325; x_wconf 82' lang='lat' dir='ltr'><strong>cogitasse</strong></span> <span class='ocrx_word' id='word_1_56' title='bbox 587 1220 737 1329; x_wconf 84' lang='lat' dir='ltr'><strong>quidem</strong></span> <span class='ocrx_word' id='word_1_57' title='bbox 768 1222 899 1325; x_wconf 87' lang='lat' dir='ltr'><strong>pretio&#39;</strong></span> <span class='ocrx_word' id='word_1_58' title='bbox 921 1221 1109 1298; x_wconf 84' lang='lat' dir='ltr'><strong>venditare</strong></span> <span class='ocrx_word' id='word_1_59' title='bbox 1141 1223 1274 1319; x_wconf 89' lang='lat' dir='ltr'><strong>(Dem.</strong></span> <span class='ocrx_word' id='word_1_60' title='bbox 1296 1250 1333 1294; x_wconf 77' lang='grc' dir='ltr'><strong>π.</strong></span> <span class='ocrx_word' id='word_1_61' title='bbox 1351 1251 1497 1331; x_wconf 64' lang='lat' dir='ltr'><strong>superq.</strong></span> <span class='ocrx_word' id='word_1_62' title='bbox 1519 1251 1560 1326; x_wconf 89' lang='lat' dir='ltr'><strong>p.</strong></span> <span class='ocrx_word' id='word_1_63' title='bbox 1572 1228 1695 1322; x_wconf 83' lang='grc'><strong>353.).</strong></span> <span class='ocrx_word' id='word_1_64' title='bbox 1746 1225 1852 1320; x_wconf 88' lang='lat' dir='ltr'><strong>Quae</strong></span> <span class='ocrx_word' id='word_1_65' title='bbox 1880 1255 1964 1307; x_wconf 86' lang='lat' dir='ltr'><strong>cum</strong></span> 
     </span>
     <span class='ocr_line' id='line_1_10' title="bbox 377 1346 1963 1453; baseline 0.004 -30"><span class='ocrx_word' id='word_1_66' title='bbox 377 1352 429 1426; x_wconf 87' lang='lat' dir='ltr'><strong>ita</strong></span> <span class='ocrx_word' id='word_1_67' title='bbox 454 1365 593 1442; x_wconf 90' lang='lat' dir='ltr'><strong>essent,</strong></span> <span class='ocrx_word' id='word_1_68' title='bbox 627 1353 757 1425; x_wconf 89' lang='lat' dir='ltr'><strong>animis</strong></span> <span class='ocrx_word' id='word_1_69' title='bbox 781 1348 1062 1425; x_wconf 85' lang='lat' dir='ltr'><strong>Atheniensium</strong></span> <span class='ocrx_word' id='word_1_70' title='bbox 1088 1346 1221 1450; x_wconf 86' lang='lat' dir='ltr'><strong>gaudio</strong></span> <span class='ocrx_word' id='word_1_71' title='bbox 1248 1374 1290 1425; x_wconf 86' lang='lat' dir='ltr'><strong>ec</strong></span> <span class='ocrx_word' id='word_1_72' title='bbox 1317 1376 1383 1451; x_wconf 90' lang='lat' dir='ltr'><strong>spe</strong></span> <span class='ocrx_word' id='word_1_73' title='bbox 1408 1350 1546 1453; x_wconf 89' lang='lat' dir='ltr'><strong>plenis,</strong></span> <span class='ocrx_word' id='word_1_74' title='bbox 1581 1350 1810 1428; x_wconf 87' lang='lat' dir='ltr'><strong>Philocrates</strong></span> <span class='ocrx_word' id='word_1_75' title='bbox 1836 1351 1963 1431; x_wconf 88' lang='lat' dir='ltr'><strong>decre·</strong></span> 
     </span>
     <span class='ocr_line' id='line_1_11' title="bbox 376 1473 1964 1582; baseline 0.003 -30"><span class='ocrx_word' id='word_1_76' title='bbox 376 1494 456 1552; x_wconf 90' lang='lat' dir='ltr'><strong>tum</strong></span> <span class='ocrx_word' id='word_1_77' title='bbox 487 1479 650 1578; x_wconf 83' lang='lat' dir='ltr'><strong>scripsit,</strong></span> <span class='ocrx_word' id='word_1_78' title='bbox 689 1493 730 1551; x_wconf 92' lang='lat' dir='ltr'><strong>ut</strong></span> <span class='ocrx_word' id='word_1_79' title='bbox 760 1503 831 1579; x_wconf 84' lang='lat' dir='ltr'><strong>pax</strong></span> <span class='ocrx_word' id='word_1_80' title='bbox 865 1503 952 1553; x_wconf 92' lang='lat' dir='ltr'><strong>cum</strong></span> <span class='ocrx_word' id='word_1_81' title='bbox 980 1473 1159 1578; x_wconf 91' lang='lat' dir='ltr'><strong>Philippo</strong></span> <span class='ocrx_word' id='word_1_82' title='bbox 1192 1500 1277 1576; x_wconf 83' lang='lat' dir='ltr'><strong>rege</strong></span> <span class='ocrx_word' id='word_1_83' title='bbox 1308 1479 1397 1552; x_wconf 83' lang='lat' dir='ltr'><strong>inite</strong></span> <span class='ocrx_word' id='word_1_84' title='bbox 1428 1475 1636 1579; x_wconf 83' lang='lat' dir='ltr'><strong>foedusque</strong></span> <span class='ocrx_word' id='word_1_85' title='bbox 1668 1482 1776 1553; x_wconf 86' lang='lat' dir='ltr'><strong>etiam</strong></span> <span class='ocrx_word' id='word_1_86' title='bbox 1805 1484 1964 1582; x_wconf 82' lang='lat' dir='ltr'><strong>posteris</strong></span> 
     </span>
     <span class='ocr_line' id='line_1_12' title="bbox 377 1600 1959 1705; baseline 0.003 -27"><span class='ocrx_word' id='word_1_87' title='bbox 377 1619 542 1678; x_wconf 84' lang='lat' dir='ltr'><strong>sunctum</strong></span> <span class='ocrx_word' id='word_1_88' title='bbox 568 1618 734 1679; x_wconf 86' lang='lat' dir='ltr'><strong>maneret</strong></span> <span class='ocrx_word' id='word_1_89' title='bbox 759 1605 870 1699; x_wconf 80' lang='lat'><strong>(¹⁹⁸);</strong></span> <span class='ocrx_word' id='word_1_90' title='bbox 898 1618 942 1676; x_wconf 93' lang='lat' dir='ltr'><strong>ut</strong></span> <span class='ocrx_word' id='word_1_91' title='bbox 966 1600 1093 1677; x_wconf 85' lang='lat' dir='ltr'><strong>laudes</strong></span> <span class='ocrx_word' id='word_1_92' title='bbox 1112 1601 1292 1704; x_wconf 90' lang='lat' dir='ltr'><strong>Philippo</strong></span> <span class='ocrx_word' id='word_1_93' title='bbox 1316 1603 1568 1677; x_wconf 88' lang='lat' dir='ltr'><strong>tribuerentur</strong></span> <span class='ocrx_word' id='word_1_94' title='bbox 1591 1603 1764 1705; x_wconf 91' lang='lat' dir='ltr'><strong>pollicito</strong></span> <span class='ocrx_word' id='word_1_95' title='bbox 1784 1631 1823 1680; x_wconf 89' lang='lat' dir='ltr'><strong>se</strong></span> <span class='ocrx_word' id='word_1_96' title='bbox 1843 1606 1959 1682; x_wconf 82' lang='lat' dir='ltr'><strong>lacm-</strong></span> 
     </span>
     <span class='ocr_line' id='line_1_13' title="bbox 376 1718 1961 1832; baseline 0.003 -28"><span class='ocrx_word' id='word_1_97' title='bbox 376 1757 473 1822; x_wconf 83' lang='lat' dir='ltr'><strong>mm,</strong></span> <span class='ocrx_word' id='word_1_98' title='bbox 504 1754 598 1832; x_wconf 89' lang='lat' dir='ltr'><strong>quae</strong></span> <span class='ocrx_word' id='word_1_99' title='bbox 623 1754 740 1832; x_wconf 83' lang='lat' dir='ltr'><strong>seque</strong></span> <span class='ocrx_word' id='word_1_100' title='bbox 766 1732 934 1831; x_wconf 86' lang='lat' dir='ltr'><strong>iusteque</strong></span> <span class='ocrx_word' id='word_1_101' title='bbox 959 1745 1097 1820; x_wconf 83' lang='lat' dir='ltr'><strong>essent3</strong></span> <span class='ocrx_word' id='word_1_102' title='bbox 1126 1726 1302 1830; x_wconf 90' lang='lat' dir='ltr'><strong>denique,</strong></span> <span class='ocrx_word' id='word_1_103' title='bbox 1330 1732 1400 1804; x_wconf 91' lang='lat' dir='ltr'><strong>nisi</strong></span> <span class='ocrx_word' id='word_1_104' title='bbox 1426 1753 1521 1830; x_wconf 87' lang='lat' dir='ltr'><strong>quse</strong></span> <span class='ocrx_word' id='word_1_105' title='bbox 1546 1718 1727 1806; x_wconf 85' lang='lat' dir='ltr'><strong>deberent</strong></span> <span class='ocrx_word' id='word_1_106' title='bbox 1749 1729 1961 1809; x_wconf 86' lang='lat' dir='ltr'><strong>Phocenses</strong></span> 
     </span>
     <span class='ocr_line' id='line_1_14' title="bbox 374 1855 1960 1961; baseline 0.002 -29"><span class='ocrx_word' id='word_1_107' title='bbox 374 1856 559 1947; x_wconf 84' lang='lat' dir='ltr'><strong>fecissent,</strong></span> <span class='ocrx_word' id='word_1_108' title='bbox 584 1880 653 1931; x_wconf 88' lang='lat' dir='ltr'><strong>nec</strong></span> <span class='ocrx_word' id='word_1_109' title='bbox 674 1855 856 1958; x_wconf 90' lang='lat' dir='ltr'><strong>templum</strong></span> <span class='ocrx_word' id='word_1_110' title='bbox 876 1855 1214 1959; x_wconf 82' lang='lat' dir='ltr'><strong>Amphictyonibus</strong></span> <span class='ocrx_word' id='word_1_111' title='bbox 1234 1857 1488 1948; x_wconf 82' lang='lat' dir='ltr'><strong>restituissent,</strong></span> <span class='ocrx_word' id='word_1_112' title='bbox 1513 1872 1555 1931; x_wconf 95' lang='lat' dir='ltr'><strong>ut</strong></span> <span class='ocrx_word' id='word_1_113' title='bbox 1574 1856 1737 1961; x_wconf 91' lang='lat' dir='ltr'><strong>populus</strong></span> <span class='ocrx_word' id='word_1_114' title='bbox 1755 1856 1960 1935; x_wconf 88' lang='lat' dir='ltr'><strong>Athenien·</strong></span> 
     </span>
     <span class='ocr_line' id='line_1_15' title="bbox 374 1982 1056 2059; baseline -0.001 -2"><span class='ocrx_word' id='word_1_115' title='bbox 374 1987 468 2058; x_wconf 91' lang='lat' dir='ltr'><strong>sium</strong></span> <span class='ocrx_word' id='word_1_116' title='bbox 493 1999 622 2059; x_wconf 91' lang='lat' dir='ltr'><strong>contra</strong></span> <span class='ocrx_word' id='word_1_117' title='bbox 649 2008 715 2058; x_wconf 91' lang='lat' dir='ltr'><strong>eos</strong></span> <span class='ocrx_word' id='word_1_118' title='bbox 740 1982 875 2057; x_wconf 85' lang='lat' dir='ltr'><strong>auxilio</strong></span> <span class='ocrx_word' id='word_1_119' title='bbox 901 1986 1056 2057; x_wconf 80' lang='lat' dir='ltr'><strong>veniret.</strong></span> 
     </span>
    </p>

    <p class='ocr_par' dir='ltr' id='par_1_5' title="bbox 295 2107 1979 3340">
     <span class='ocr_line' id='line_1_16' title="bbox 513 2107 1960 2212; baseline 0.003 -28"><span class='ocrx_word' id='word_1_120' title='bbox 513 2107 708 2212; x_wconf 89' lang='lat' dir='ltr'><strong>Philippus</strong></span> <span class='ocrx_word' id='word_1_121' title='bbox 740 2135 825 2184; x_wconf 92' lang='lat' dir='ltr'><strong>cum</strong></span> <span class='ocrx_word' id='word_1_122' title='bbox 855 2112 928 2184; x_wconf 88' lang='lat' dir='ltr'><strong>ism</strong></span> <span class='ocrx_word' id='word_1_123' title='bbox 954 2113 1048 2184; x_wconf 88' lang='lat' dir='ltr'><strong>intra</strong></span> <span class='ocrx_word' id='word_1_124' title='bbox 1076 2107 1346 2212; x_wconf 79' lang='lat' dir='ltr'><strong>Thermopylas</strong></span> <span class='ocrx_word' id='word_1_125' title='bbox 1372 2108 1495 2202; x_wconf 84' lang='lat' dir='ltr'><strong>esset,</strong></span> <span class='ocrx_word' id='word_1_126' title='bbox 1519 2125 1792 2212; x_wconf 86' lang='lat' dir='ltr'><strong>pertentaturus</strong></span> <span class='ocrx_word' id='word_1_127' title='bbox 1817 2114 1960 2189; x_wconf 80' lang='lat' dir='ltr'><strong>animos</strong></span> 
     </span>
     <span class='ocr_line' id='line_1_17' title="bbox 372 2233 1979 2336; baseline 0.004 -28"><span class='ocrx_word' id='word_1_128' title='bbox 372 2234 669 2326; x_wconf 86' lang='lat' dir='ltr'><strong>Atheniensium,</strong></span> <span class='ocrx_word' id='word_1_129' title='bbox 698 2237 920 2336; x_wconf 89' lang='lat' dir='ltr'><strong>penitusque</strong></span> <span class='ocrx_word' id='word_1_130' title='bbox 940 2250 1245 2335; x_wconf 80' lang='lat' dir='ltr'><strong>perscrutaturus,</strong></span> <span class='ocrx_word' id='word_1_131' title='bbox 1272 2261 1361 2309; x_wconf 92' lang='lat' dir='ltr'><strong>num</strong></span> <span class='ocrx_word' id='word_1_132' title='bbox 1381 2251 1518 2309; x_wconf 86' lang='lat' dir='ltr'><strong>certam</strong></span> <span class='ocrx_word' id='word_1_133' title='bbox 1536 2233 1649 2309; x_wconf 86' lang='lat' dir='ltr'><strong>iidem</strong></span> <span class='ocrx_word' id='word_1_134' title='bbox 1671 2239 1743 2311; x_wconf 92' lang='lat' dir='ltr'><strong>sibi</strong></span> <span class='ocrx_word' id='word_1_135' title='bbox 1762 2236 1955 2328; x_wconf 89' lang='lat' dir='ltr'><strong>haberent,</strong></span> <span class='ocrx_word' id='word_1_136' title='bbox 1976 2267 1979 2271; x_wconf 89' lang='lat'>·</span> 
     </span>
     <span class='ocr_line' id='line_1_18' title="bbox 372 2358 1956 2461; baseline 0.004 -29"><span class='ocrx_word' id='word_1_137' title='bbox 372 2358 504 2434; x_wconf 91' lang='lat' dir='ltr'><strong>litteris</strong></span> <span class='ocrx_word' id='word_1_138' title='bbox 530 2361 647 2433; x_wconf 91' lang='lat' dir='ltr'><strong>missis</strong></span> <span class='ocrx_word' id='word_1_139' title='bbox 670 2361 812 2451; x_wconf 77' lang='lat' dir='ltr'><strong>invitat,</strong></span> <span class='ocrx_word' id='word_1_140' title='bbox 846 2374 889 2433; x_wconf 91' lang='lat' dir='ltr'><strong>ut</strong></span> <span class='ocrx_word' id='word_1_141' title='bbox 914 2385 998 2433; x_wconf 89' lang='lat' dir='ltr'><strong>cum</strong></span> <span class='ocrx_word' id='word_1_142' title='bbox 1024 2362 1187 2433; x_wconf 83' lang='lat' dir='ltr'><strong>exercitu</strong></span> <span class='ocrx_word' id='word_1_143' title='bbox 1212 2362 1269 2451; x_wconf 91' lang='lat' dir='ltr'><strong>iis,</strong></span> <span class='ocrx_word' id='word_1_144' title='bbox 1300 2362 1365 2460; x_wconf 87' lang='lat' dir='ltr'><strong>qui</strong></span> <span class='ocrx_word' id='word_1_145' title='bbox 1391 2362 1448 2434; x_wconf 91' lang='lat' dir='ltr'><strong>ius</strong></span> <span class='ocrx_word' id='word_1_146' title='bbox 1472 2375 1655 2461; x_wconf 90' lang='lat' dir='ltr'><strong>peterent,</strong></span> <span class='ocrx_word' id='word_1_147' title='bbox 1690 2361 1831 2436; x_wconf 81' lang='lat' dir='ltr'><strong>auxilio</strong></span> <span class='ocrx_word' id='word_1_148' title='bbox 1852 2367 1956 2439; x_wconf 85' lang='lat' dir='ltr'><strong>veni·</strong></span> 
     </span>
     <span class='ocr_line' id='line_1_19' title="bbox 372 2482 1957 2587; baseline 0.004 -29"><span class='ocrx_word' id='word_1_149' title='bbox 372 2503 468 2559; x_wconf 89' lang='lat' dir='ltr'><strong>rent.</strong></span> <span class='ocrx_word' id='word_1_150' title='bbox 512 2485 707 2577; x_wconf 87' lang='lat' dir='ltr'><strong>litamen,</strong></span> <span class='ocrx_word' id='word_1_151' title='bbox 737 2488 802 2587; x_wconf 88' lang='lat' dir='ltr'><strong>qui</strong></span> <span class='ocrx_word' id='word_1_152' title='bbox 827 2485 988 2562; x_wconf 89' lang='lat' dir='ltr'><strong>consiliis</strong></span> <span class='ocrx_word' id='word_1_153' title='bbox 1014 2487 1107 2586; x_wconf 81' lang='lat' dir='ltr'><strong>regis</strong></span> <span class='ocrx_word' id='word_1_154' title='bbox 1133 2482 1365 2577; x_wconf 83' lang='lat' dir='ltr'><strong>diffidebant,</strong></span> <span class='ocrx_word' id='word_1_155' title='bbox 1393 2482 1667 2585; x_wconf 86' lang='lat' dir='ltr'><strong>impediverunt</strong></span> <span class='ocrx_word' id='word_1_156' title='bbox 1691 2484 1791 2561; x_wconf 92' lang='lat' dir='ltr'><strong>hunc</strong></span> <span class='ocrx_word' id='word_1_157' title='bbox 1816 2505 1957 2564; x_wconf 91' lang='lat' dir='ltr'><strong>metum</strong></span> 
     </span>
     <span class='ocr_line' id='line_1_20' title="bbox 370 2608 1955 2713; baseline 0.004 -28"><span class='ocrx_word' id='word_1_158' title='bbox 370 2610 623 2713; x_wconf 89' lang='lat' dir='ltr'><strong>perhibentes,</strong></span> <span class='ocrx_word' id='word_1_159' title='bbox 652 2635 699 2683; x_wconf 91' lang='lat' dir='ltr'><strong>ne</strong></span> <span class='ocrx_word' id='word_1_160' title='bbox 719 2635 784 2684; x_wconf 86' lang='lat' dir='ltr'><strong>rex</strong></span> <span class='ocrx_word' id='word_1_161' title='bbox 805 2611 939 2685; x_wconf 91' lang='lat' dir='ltr'><strong>milites</strong></span> <span class='ocrx_word' id='word_1_162' title='bbox 959 2615 1089 2684; x_wconf 88' lang='lat' dir='ltr'><strong>missos</strong></span> <span class='ocrx_word' id='word_1_163' title='bbox 1109 2625 1151 2684; x_wconf 91' lang='lat' dir='ltr'><strong>ut</strong></span> <span class='ocrx_word' id='word_1_164' title='bbox 1172 2608 1319 2684; x_wconf 87' lang='lat' dir='ltr'><strong>obsides</strong></span> <span class='ocrx_word' id='word_1_165' title='bbox 1339 2613 1527 2685; x_wconf 89' lang='lat' dir='ltr'><strong>retineret.</strong></span> <span class='ocrx_word' id='word_1_166' title='bbox 1565 2611 1717 2686; x_wconf 85' lang='lat' dir='ltr'><strong>Factum</strong></span> <span class='ocrx_word' id='word_1_167' title='bbox 1736 2610 1776 2686; x_wconf 93' lang='lat' dir='ltr'><strong>id</strong></span> <span class='ocrx_word' id='word_1_168' title='bbox 1798 2630 1955 2691; x_wconf 89' lang='lat' dir='ltr'><strong>estante</strong></span> 
     </span>
     <span class='ocr_line' id='line_1_21' title="bbox 370 2733 1956 2842; baseline 0.003 -31"><span class='ocrx_word' id='word_1_169' title='bbox 370 2738 420 2811; x_wconf 75' lang='lat'><strong>23</strong></span> <span class='ocrx_word' id='word_1_170' title='bbox 437 2733 673 2838; x_wconf 88' lang='lat' dir='ltr'><strong>Scirophor.,</strong></span> <span class='ocrx_word' id='word_1_171' title='bbox 703 2733 892 2811; x_wconf 83' lang='lat' dir='ltr'><strong>Thebanis</strong></span> <span class='ocrx_word' id='word_1_172' title='bbox 912 2752 1014 2811; x_wconf 89' lang='lat' dir='ltr'><strong>metu</strong></span> <span class='ocrx_word' id='word_1_173' title='bbox 1033 2735 1153 2838; x_wconf 89' lang='lat' dir='ltr'><strong>plenis</strong></span> <span class='ocrx_word' id='word_1_174' title='bbox 1174 2760 1258 2810; x_wconf 89' lang='lat' dir='ltr'><strong>cum</strong></span> <span class='ocrx_word' id='word_1_175' title='bbox 1277 2751 1360 2811; x_wconf 91' lang='lat' dir='ltr'><strong>toto</strong></span> <span class='ocrx_word' id='word_1_176' title='bbox 1382 2740 1543 2811; x_wconf 88' lang='lat' dir='ltr'><strong>exercitu</strong></span> <span class='ocrx_word' id='word_1_177' title='bbox 1564 2740 1728 2838; x_wconf 79' lang='lat' dir='ltr'><strong>egressis,</strong></span> <span class='ocrx_word' id='word_1_178' title='bbox 1758 2755 1956 2842; x_wconf 87' lang='lat' dir='ltr'><strong>antequem</strong></span> 
     </span>
     <span class='ocr_line' id='line_1_22' title="bbox 295 2854 1951 2973; baseline 0.003 -37"><span class='ocrx_word' id='word_1_179' title='bbox 295 2908 300 2915; x_wconf 77' lang='lat'><em>‚</em></span> <span class='ocrx_word' id='word_1_180' title='bbox 370 2889 455 2937; x_wconf 88' lang='lat' dir='ltr'><strong>cum</strong></span> <span class='ocrx_word' id='word_1_181' title='bbox 467 2861 649 2937; x_wconf 83' lang='lat' dir='ltr'><strong>Phalaeco</strong></span> <span class='ocrx_word' id='word_1_182' title='bbox 662 2860 858 2965; x_wconf 91' lang='lat' dir='ltr'><strong>Philippus</strong></span> <span class='ocrx_word' id='word_1_183' title='bbox 879 2861 925 2938; x_wconf 90' lang='lat' dir='ltr'><strong>ad</strong></span> <span class='ocrx_word' id='word_1_184' title='bbox 944 2860 1176 2938; x_wconf 89' lang='lat' dir='ltr'><strong>conditiones</strong></span> <span class='ocrx_word' id='word_1_185' title='bbox 1197 2859 1435 2938; x_wconf 87' lang='lat' dir='ltr'><strong>descenderat</strong></span> <span class='ocrx_word' id='word_1_186' title='bbox 1458 2863 1611 2960; x_wconf 83' lang='lat' dir='ltr'><strong>(Aesch.</strong></span> <span class='ocrx_word' id='word_1_187' title='bbox 1632 2892 1669 2937; x_wconf 82' lang='grc' dir='ltr'><strong>π.</strong></span> <span class='ocrx_word' id='word_1_188' title='bbox 1687 2854 1815 2973; x_wconf 72' lang='grc' dir='ltr'><strong><em>πρεσβ.</em></strong></span> <span class='ocrx_word' id='word_1_189' title='bbox 1834 2892 1877 2969; x_wconf 86' lang='lat' dir='ltr'><strong>p.</strong></span> <span class='ocrx_word' id='word_1_190' title='bbox 1889 2869 1951 2942; x_wconf 79' lang='grc'><strong>46.</strong></span> 
     </span>
     <span class='ocr_line' id='line_1_23' title="bbox 374 2986 1952 3094; baseline 0.003 -33"><span class='ocrx_word' id='word_1_191' title='bbox 374 2991 420 3066; x_wconf 88' lang='grc'><strong>17</strong></span> <span class='ocrx_word' id='word_1_192' title='bbox 439 3005 477 3064; x_wconf 91' lang='lat' dir='ltr'><strong>et</strong></span> <span class='ocrx_word' id='word_1_193' title='bbox 494 2991 574 3088; x_wconf 72' lang='lat'><strong>23).</strong></span> <span class='ocrx_word' id='word_1_194' title='bbox 615 2987 697 3065; x_wconf 84' lang='lat' dir='ltr'><strong>Rex</strong></span> <span class='ocrx_word' id='word_1_195' title='bbox 722 2986 856 3065; x_wconf 91' lang='lat' dir='ltr'><strong>deinde</strong></span> <span class='ocrx_word' id='word_1_196' title='bbox 874 2988 1156 3066; x_wconf 87' lang='lat' dir='ltr'><strong>Atheniensium</strong></span> <span class='ocrx_word' id='word_1_197' title='bbox 1181 2987 1386 3065; x_wconf 87' lang='lat' dir='ltr'><strong>diffidentie</strong></span> <span class='ocrx_word' id='word_1_198' title='bbox 1412 2991 1470 3063; x_wconf 90' lang='lat' dir='ltr'><strong>sui</strong></span> <span class='ocrx_word' id='word_1_199' title='bbox 1495 2992 1653 3090; x_wconf 82' lang='lat' dir='ltr'><strong>cognita,</strong></span> <span class='ocrx_word' id='word_1_200' title='bbox 1685 3007 1863 3093; x_wconf 78' lang='lat' dir='ltr'><strong>expecto</strong></span> <span class='ocrx_word' id='word_1_201' title='bbox 1884 3018 1952 3094; x_wconf 91' lang='lat' dir='ltr'><strong>op·</strong></span> 
     </span>
     <span class='ocr_line' id='line_1_24' title="bbox 368 3109 1950 3218; baseline 0.001 -28"><span class='ocrx_word' id='word_1_202' title='bbox 368 3113 456 3218; x_wconf 83' lang='lat' dir='ltr'><strong>pide</strong></span> <span class='ocrx_word' id='word_1_203' title='bbox 479 3114 727 3190; x_wconf 88' lang='lat' dir='ltr'><strong>Phocensium</strong></span> <span class='ocrx_word' id='word_1_204' title='bbox 752 3113 957 3213; x_wconf 88' lang='lat' dir='ltr'><strong>Alponum,</strong></span> <span class='ocrx_word' id='word_1_205' title='bbox 986 3111 1160 3186; x_wconf 85' lang='lat' dir='ltr'><strong>Nicaeam</strong></span> <span class='ocrx_word' id='word_1_206' title='bbox 1182 3112 1340 3214; x_wconf 85' lang='lat' dir='ltr'><strong>aliaque,</strong></span> <span class='ocrx_word' id='word_1_207' title='bbox 1370 3109 1457 3187; x_wconf 88' lang='lat' dir='ltr'><strong>deto</strong></span> <span class='ocrx_word' id='word_1_208' title='bbox 1478 3111 1600 3188; x_wconf 88' lang='lat' dir='ltr'><strong>libero</strong></span> <span class='ocrx_word' id='word_1_209' title='bbox 1620 3131 1785 3217; x_wconf 90' lang='lat' dir='ltr'><strong>receptu,</strong></span> <span class='ocrx_word' id='word_1_210' title='bbox 1815 3115 1950 3193; x_wconf 89' lang='lat' dir='ltr'><strong>aPha·</strong></span> 
     </span>
     <span class='ocr_line' id='line_1_25' title="bbox 367 3235 1164 3340; baseline -0.005 -25"><span class='ocrx_word' id='word_1_211' title='bbox 367 3241 473 3315; x_wconf 86' lang='lat' dir='ltr'><strong>laeco</strong></span> <span class='ocrx_word' id='word_1_212' title='bbox 500 3238 594 3314; x_wconf 90' lang='lat' dir='ltr'><strong>duce</strong></span> <span class='ocrx_word' id='word_1_213' title='bbox 620 3241 762 3340; x_wconf 89' lang='lat' dir='ltr'><strong>accepit</strong></span> <span class='ocrx_word' id='word_1_214' title='bbox 786 3237 893 3335; x_wconf 82' lang='lat'><strong>(¹⁹⁹),</strong></span> <span class='ocrx_word' id='word_1_215' title='bbox 923 3239 972 3311; x_wconf 67' lang='lat'><strong>93</strong></span> <span class='ocrx_word' id='word_1_216' title='bbox 990 3235 1164 3339; x_wconf 87' lang='lat' dir='ltr'><strong>Sciroph.</strong></span> 
     </span>
    </p>
   </div>
   <div class='ocr_carea' id='block_1_5' title="bbox 1099 3441 1215 3541">
    <p class='ocr_par' dir='ltr' id='par_1_6' title="bbox 1099 3441 1215 3541">
     <span class='ocr_line' id='line_1_26' title="bbox 1099 3441 1215 3541; baseline 0.017 -29"><span class='ocrx_word' id='word_1_217' title='bbox 1099 3441 1138 3541; x_wconf 71' lang='lat' dir='ltr'><strong>g.</strong></span> <span class='ocrx_word' id='word_1_218' title='bbox 1156 3441 1215 3514; x_wconf 78' lang='lat'><strong>12.</strong></span> 
     </span>
    </p>
   </div>
   <div class='ocr_carea' id='block_1_6' title="bbox 1476 312 1906 419">
    <p class='ocr_par' dir='ltr' id='par_1_7' title="bbox 1476 312 1906 419">
     <span class='ocr_line' id='line_1_27' title="bbox 1476 312 1906 419; baseline 0.002 -29"><span class='ocrx_word' id='word_1_219' title='bbox 1476 312 1536 419; x_wconf 49' lang='grc' dir='ltr'>ᾖ</span> <span class='ocrx_word' id='word_1_220' title='bbox 1869 334 1906 391; x_wconf 72' lang='grc' dir='ltr'>ι</span> 
     </span>
    </p>
   </div>
   <div class='ocr_carea' id='block_1_7' title="bbox 369 3564 1947 3825">
    <p class='ocr_par' dir='ltr' id='par_1_8' title="bbox 369 3564 1947 3825">
     <span class='ocr_line' id='line_1_28' title="bbox 507 3564 1947 3700; baseline 0.003 -32"><span class='ocrx_word' id='word_1_221' title='bbox 507 3594 610 3668; x_wconf 88' lang='lat' dir='ltr'><strong>Inter</strong></span> <span class='ocrx_word' id='word_1_222' title='bbox 641 3593 733 3668; x_wconf 87' lang='lat' dir='ltr'><strong>haec</strong></span> <span class='ocrx_word' id='word_1_223' title='bbox 764 3608 888 3668; x_wconf 90' lang='lat' dir='ltr'><strong>tamen</strong></span> <span class='ocrx_word' id='word_1_224' title='bbox 920 3589 1131 3667; x_wconf 87' lang='lat' dir='ltr'><strong>Philocrate</strong></span> <span class='ocrx_word' id='word_1_225' title='bbox 1161 3608 1314 3695; x_wconf 82' lang='lat' dir='ltr'><strong>rogante</strong></span> <span class='ocrx_word' id='word_1_226' title='bbox 1344 3596 1452 3668; x_wconf 87' lang='lat' dir='ltr'><strong>tertia</strong></span> <span class='ocrx_word' id='word_1_227' title='bbox 1478 3564 1617 3695; x_wconf 82' lang='lat' dir='ltr'><strong>legatio</strong></span> <span class='ocrx_word' id='word_1_228' title='bbox 1652 3593 1698 3668; x_wconf 89' lang='lat' dir='ltr'><strong>ad</strong></span> <span class='ocrx_word' id='word_1_229' title='bbox 1732 3594 1947 3700; x_wconf 91' lang='lat' dir='ltr'><strong>Philippum</strong></span> 
     </span>
     <span class='ocr_line' id='line_1_29' title="bbox 369 3717 1945 3825; baseline 0.003 -29"><span class='ocrx_word' id='word_1_230' title='bbox 369 3739 406 3803; x_wconf 85' lang='lat' dir='ltr'><strong>et</strong></span> <span class='ocrx_word' id='word_1_231' title='bbox 429 3720 720 3825; x_wconf 84' lang='lat' dir='ltr'><strong>Amphictyones</strong></span> <span class='ocrx_word' id='word_1_232' title='bbox 752 3723 860 3796; x_wconf 90' lang='lat' dir='ltr'><strong>missa</strong></span> <span class='ocrx_word' id='word_1_233' title='bbox 890 3736 945 3794; x_wconf 91' lang='lat' dir='ltr'><strong>est</strong></span> <span class='ocrx_word' id='word_1_234' title='bbox 979 3745 1072 3822; x_wconf 90' lang='lat' dir='ltr'><strong>quae</strong></span> <span class='ocrx_word' id='word_1_235' title='bbox 1098 3717 1324 3821; x_wconf 86' lang='lat' dir='ltr'><strong>provideret,</strong></span> <span class='ocrx_word' id='word_1_236' title='bbox 1352 3734 1483 3795; x_wconf 78' lang='lat' dir='ltr'><strong>utres</strong></span> <span class='ocrx_word' id='word_1_237' title='bbox 1508 3722 1696 3821; x_wconf 89' lang='lat' dir='ltr'><strong>promissis</strong></span> <span class='ocrx_word' id='word_1_238' title='bbox 1721 3724 1795 3796; x_wconf 91' lang='lat' dir='ltr'><strong>suis</strong></span> <span class='ocrx_word' id='word_1_239' title='bbox 1821 3738 1945 3817; x_wconf 88' lang='lat' dir='ltr'><strong>staret,</strong></span> 
     </span>
    </p>
   </div>
   <div class='ocr_carea' id='block_1_8' title="bbox 407 3926 1555 4019">
    <p class='ocr_par' dir='ltr' id='par_1_9' title="bbox 407 3926 1555 4019">
     <span class='ocr_line' id='line_1_30' title="bbox 407 3926 1555 4019; baseline 0.003 -27"><span class='ocrx_word' id='word_1_240' title='bbox 407 3932 478 4014; x_wconf 79' lang='lat'><strong>(¹⁹⁶)</strong></span> <span class='ocrx_word' id='word_1_241' title='bbox 509 3932 616 3995; x_wconf 74' lang='lat' dir='ltr'><strong>Aesch.</strong></span> <span class='ocrx_word' id='word_1_242' title='bbox 636 3926 697 4019; x_wconf 74' lang='lat' dir='ltr'><strong>scapi</strong></span> <span class='ocrx_word' id='word_1_243' title='bbox 717 3926 824 4019; x_wconf 70' lang='grc' dir='ltr'><strong><em>πρεσβ.</em></strong></span> <span class='ocrx_word' id='word_1_244' title='bbox 845 3931 986 4016; x_wconf 63' lang='lat' dir='ltr'><strong>ploti.</strong></span> <span class='ocrx_word' id='word_1_245' title='bbox 1009 3931 1046 3993; x_wconf 83' lang='lat' dir='ltr'><strong>ci.</strong></span> <span class='ocrx_word' id='word_1_246' title='bbox 1067 3931 1154 3994; x_wconf 77' lang='lat' dir='ltr'><strong>Dent.</strong></span> <span class='ocrx_word' id='word_1_247' title='bbox 1175 3955 1206 3993; x_wconf 84' lang='grc' dir='ltr'><strong>π.</strong></span> <span class='ocrx_word' id='word_1_248' title='bbox 1227 3955 1352 4017; x_wconf 75' lang='grc' dir='ltr'><strong><em>παραπρ.</em></strong></span> <span class='ocrx_word' id='word_1_249' title='bbox 1372 3931 1555 4013; x_wconf 75' lang='lat' dir='ltr'><strong>p.391·lnli·</strong></span> 
     </span>
    </p>
   </div>
   <div class='ocr_carea' id='block_1_9' title="bbox 366 4049 1946 4437">
    <p class='ocr_par' dir='ltr' id='par_1_10' title="bbox 366 4049 1946 4437">
     <span class='ocr_line' id='line_1_31' title="bbox 406 4049 1946 4138; baseline 0.001 -23"><span class='ocrx_word' id='word_1_250' title='bbox 406 4051 477 4133; x_wconf 84' lang='lat'>(¹⁹⁷)</span> <span class='ocrx_word' id='word_1_251' title='bbox 508 4053 595 4115; x_wconf 89' lang='lat' dir='ltr'><strong>Dem.</strong></span> <span class='ocrx_word' id='word_1_252' title='bbox 616 4075 647 4112; x_wconf 81' lang='grc' dir='ltr'><strong>π.</strong></span> <span class='ocrx_word' id='word_1_253' title='bbox 668 4074 793 4138; x_wconf 53' lang='lat' dir='ltr'><strong>sepone.</strong></span> <span class='ocrx_word' id='word_1_254' title='bbox 814 4050 912 4133; x_wconf 75' lang='lat' dir='ltr'><strong>p.³52</strong></span> <span class='ocrx_word' id='word_1_255' title='bbox 926 4072 970 4132; x_wconf 90' lang='lat' dir='ltr'><strong>sq.</strong></span> <span class='ocrx_word' id='word_1_256' title='bbox 1011 4050 1121 4113; x_wconf 82' lang='lat' dir='ltr'><strong>Nescis</strong></span> <span class='ocrx_word' id='word_1_257' title='bbox 1146 4070 1215 4111; x_wconf 85' lang='lat' dir='ltr'><strong>num</strong></span> <span class='ocrx_word' id='word_1_258' title='bbox 1240 4068 1311 4112; x_wconf 79' lang='lat' dir='ltr'><strong>vere</strong></span> <span class='ocrx_word' id='word_1_259' title='bbox 1337 4049 1488 4132; x_wconf 84' lang='lat' dir='ltr'><strong>Philippus</strong></span> <span class='ocrx_word' id='word_1_260' title='bbox 1513 4049 1659 4134; x_wconf 77' lang='lat' dir='ltr'><strong>elegatis</strong></span> <span class='ocrx_word' id='word_1_261' title='bbox 1685 4051 1778 4113; x_wconf 79' lang='lat' dir='ltr'><strong>iuvari</strong></span> <span class='ocrx_word' id='word_1_262' title='bbox 1805 4052 1946 4126; x_wconf 85' lang='lat' dir='ltr'><strong>voluerit;</strong></span> 
     </span>
     <span class='ocr_line' id='line_1_32' title="bbox 367 4139 1946 4236; baseline 0.001 -21"><span class='ocrx_word' id='word_1_263' title='bbox 367 4139 451 4215; x_wconf 78' lang='lat' dir='ltr'><strong>certe</strong></span> <span class='ocrx_word' id='word_1_264' title='bbox 468 4154 627 4216; x_wconf 79' lang='lat' dir='ltr'><strong>Haleemes</strong></span> <span class='ocrx_word' id='word_1_265' title='bbox 647 4165 749 4236; x_wconf 80' lang='lat' dir='ltr'><strong>postes</strong></span> <span class='ocrx_word' id='word_1_266' title='bbox 769 4151 842 4215; x_wconf 87' lang='lat' dir='ltr'><strong>urbe</strong></span> <span class='ocrx_word' id='word_1_267' title='bbox 864 4151 996 4235; x_wconf 84' lang='lat' dir='ltr'><strong>expulsos</strong></span> <span class='ocrx_word' id='word_1_268' title='bbox 1017 4171 1080 4213; x_wconf 84' lang='lat' dir='ltr'><strong>esse</strong></span> <span class='ocrx_word' id='word_1_269' title='bbox 1099 4149 1314 4213; x_wconf 85' lang='lat' dir='ltr'><strong>Demosthenes</strong></span> <span class='ocrx_word' id='word_1_270' title='bbox 1333 4150 1422 4212; x_wconf 69' lang='lat' dir='ltr'><strong>trudit</strong></span> <span class='ocrx_word' id='word_1_271' title='bbox 1442 4150 1495 4212; x_wconf 87' lang='lat' dir='ltr'><strong>ll.</strong></span> <span class='ocrx_word' id='word_1_272' title='bbox 1515 4150 1613 4232; x_wconf 64' lang='lat' dir='ltr'><strong>poss</strong></span> <span class='ocrx_word' id='word_1_273' title='bbox 1627 4151 1691 4214; x_wconf 84' lang='lat' dir='ltr'><strong>init.</strong></span> <span class='ocrx_word' id='word_1_274' title='bbox 1732 4149 1824 4234; x_wconf 78' lang='lat' dir='ltr'><strong>Atqui</strong></span> <span class='ocrx_word' id='word_1_275' title='bbox 1844 4175 1946 4216; x_wconf 82' lang='lat' dir='ltr'><strong>verum</strong></span> 
     </span>
     <span class='ocr_line' id='line_1_33' title="bbox 367 4251 1944 4336; baseline 0 -22"><span class='ocrx_word' id='word_1_276' title='bbox 367 4253 465 4315; x_wconf 83' lang='lat' dir='ltr'><strong>dicere</strong></span> <span class='ocrx_word' id='word_1_277' title='bbox 486 4254 624 4336; x_wconf 83' lang='lat' dir='ltr'><strong>Philippo</strong></span> <span class='ocrx_word' id='word_1_278' title='bbox 644 4276 704 4316; x_wconf 91' lang='lat' dir='ltr'><strong>non</strong></span> <span class='ocrx_word' id='word_1_279' title='bbox 726 4252 819 4329; x_wconf 79' lang='lat' dir='ltr'><strong>licuit,</strong></span> <span class='ocrx_word' id='word_1_280' title='bbox 840 4273 903 4314; x_wconf 84' lang='lat' dir='ltr'><strong>eam</strong></span> <span class='ocrx_word' id='word_1_281' title='bbox 924 4252 964 4316; x_wconf 86' lang='lat' dir='ltr'><strong>ob</strong></span> <span class='ocrx_word' id='word_1_282' title='bbox 985 4273 1097 4315; x_wconf 77' lang='lat' dir='ltr'><strong>causum</strong></span> <span class='ocrx_word' id='word_1_283' title='bbox 1117 4272 1149 4313; x_wconf 90' lang='lat' dir='ltr'><strong>se</strong></span> <span class='ocrx_word' id='word_1_284' title='bbox 1170 4272 1221 4315; x_wconf 89' lang='lat' dir='ltr'><strong>eos</strong></span> <span class='ocrx_word' id='word_1_285' title='bbox 1242 4262 1385 4314; x_wconf 72' lang='lat' dir='ltr'><strong>morsum</strong></span> <span class='ocrx_word' id='word_1_286' title='bbox 1406 4271 1479 4328; x_wconf 78' lang='lat' dir='ltr'><strong>esse,</strong></span> <span class='ocrx_word' id='word_1_287' title='bbox 1507 4251 1588 4332; x_wconf 85' lang='lat' dir='ltr'><strong>quod</strong></span> <span class='ocrx_word' id='word_1_288' title='bbox 1609 4263 1775 4333; x_wconf 81' lang='lat' dir='ltr'><strong>exspectare</strong></span> <span class='ocrx_word' id='word_1_289' title='bbox 1796 4253 1944 4329; x_wconf 78' lang='lat' dir='ltr'><strong>voluisset,</strong></span> 
     </span>
     <span class='ocr_line' id='line_1_34' title="bbox 366 4352 1360 4437; baseline -0.001 -24"><span class='ocrx_word' id='word_1_290' title='bbox 366 4373 452 4434; x_wconf 89' lang='lat' dir='ltr'><strong>quem</strong></span> <span class='ocrx_word' id='word_1_291' title='bbox 473 4352 559 4413; x_wconf 84' lang='lat' dir='ltr'><strong>finem</strong></span> <span class='ocrx_word' id='word_1_292' title='bbox 579 4375 626 4414; x_wconf 85' lang='lat' dir='ltr'><strong>res</strong></span> <span class='ocrx_word' id='word_1_293' title='bbox 648 4355 809 4437; x_wconf 84' lang='lat' dir='ltr'><strong>legatorum</strong></span> <span class='ocrx_word' id='word_1_294' title='bbox 830 4352 977 4416; x_wconf 86' lang='lat' dir='ltr'><strong>habiturae</strong></span> <span class='ocrx_word' id='word_1_295' title='bbox 1000 4365 1103 4415; x_wconf 83' lang='lat' dir='ltr'><strong>essem.</strong></span> <span class='ocrx_word' id='word_1_296' title='bbox 1356 4372 1360 4378; x_wconf 64' lang='lat'><strong>¹</strong></span> 
     </span>
    </p>
   </div>
   <div class='ocr_carea' id='block_1_10' title="bbox 343 4467 1941 4978">
    <p class='ocr_par' dir='ltr' id='par_1_11' title="bbox 343 4467 1941 4856">
     <span class='ocr_line' id='line_1_35' title="bbox 343 4467 1941 4553; baseline -0.001 -19"><span class='ocrx_word' id='word_1_297' title='bbox 343 4493 350 4504; x_wconf 90' lang='lat'><strong>·</strong></span> <span class='ocrx_word' id='word_1_298' title='bbox 406 4467 477 4550; x_wconf 76' lang='lat'>(¹⁹³)</span> <span class='ocrx_word' id='word_1_299' title='bbox 508 4469 614 4553; x_wconf 77' lang='lat' dir='ltr'><strong>Ingens</strong></span> <span class='ocrx_word' id='word_1_300' title='bbox 634 4472 734 4534; x_wconf 81' lang='lat' dir='ltr'><strong>odium</strong></span> <span class='ocrx_word' id='word_1_301' title='bbox 755 4472 916 4534; x_wconf 86' lang='lat' dir='ltr'><strong>Philocrati</strong></span> <span class='ocrx_word' id='word_1_302' title='bbox 936 4471 1130 4551; x_wconf 86' lang='lat' dir='ltr'><strong>Aeschiniquc</strong></span> <span class='ocrx_word' id='word_1_303' title='bbox 1152 4469 1276 4531; x_wconf 75' lang='lat' dir='ltr'><strong>acitsre</strong></span> <span class='ocrx_word' id='word_1_304' title='bbox 1296 4470 1393 4532; x_wconf 85' lang='lat' dir='ltr'><strong>studet</strong></span> <span class='ocrx_word' id='word_1_305' title='bbox 1417 4469 1490 4533; x_wconf 76' lang='lat' dir='ltr'><strong>hene</strong></span> <span class='ocrx_word' id='word_1_306' title='bbox 1511 4469 1551 4532; x_wconf 92' lang='lat' dir='ltr'><strong>ob</strong></span> <span class='ocrx_word' id='word_1_307' title='bbox 1572 4491 1635 4532; x_wconf 85' lang='lat' dir='ltr'><strong>rem</strong></span> <span class='ocrx_word' id='word_1_308' title='bbox 1656 4469 1869 4548; x_wconf 66' lang='lat' dir='ltr'><strong>Demosthenes</strong></span> <span class='ocrx_word' id='word_1_309' title='bbox 1890 4471 1941 4532; x_wconf 83' lang='lat' dir='ltr'><strong>tt</strong></span> 
     </span>
     <span class='ocr_line' id='line_1_36' title="bbox 364 4568 1938 4656; baseline -0.001 -22"><span class='ocrx_word' id='word_1_310' title='bbox 364 4572 460 4653; x_wconf 68' lang='lat' dir='ltr'><strong>pass</strong></span> <span class='ocrx_word' id='word_1_311' title='bbox 474 4571 523 4633; x_wconf 87' lang='lat' dir='ltr'><strong>lin.</strong></span> <span class='ocrx_word' id='word_1_312' title='bbox 545 4570 598 4648; x_wconf 83' lang='lat' dir='ltr'><strong>(ei.</strong></span> <span class='ocrx_word' id='word_1_313' title='bbox 618 4571 649 4631; x_wconf 91' lang='lat'><strong>11</strong></span> <span class='ocrx_word' id='word_1_314' title='bbox 668 4571 744 4633; x_wconf 87' lang='lat' dir='ltr'><strong>Phil.</strong></span> <span class='ocrx_word' id='word_1_315' title='bbox 765 4571 869 4655; x_wconf 58' lang='lat' dir='ltr'><strong>sss),</strong></span> <span class='ocrx_word' id='word_1_316' title='bbox 890 4593 947 4654; x_wconf 86' lang='lat' dir='ltr'><strong>qm</strong></span> <span class='ocrx_word' id='word_1_317' title='bbox 965 4573 1077 4656; x_wconf 86' lang='lat' dir='ltr'><strong>posteri</strong></span> <span class='ocrx_word' id='word_1_318' title='bbox 1097 4569 1288 4633; x_wconf 85' lang='lat' dir='ltr'><strong>Athenienses</strong></span> <span class='ocrx_word' id='word_1_319' title='bbox 1309 4570 1340 4632; x_wconf 90' lang='lat' dir='ltr'><strong>iu</strong></span> <span class='ocrx_word' id='word_1_320' title='bbox 1360 4582 1510 4633; x_wconf 67' lang='lat' dir='ltr'><strong>murnum</strong></span> <span class='ocrx_word' id='word_1_321' title='bbox 1531 4590 1547 4630; x_wconf 82' lang='lat' dir='ltr'><strong>s</strong></span> <span class='ocrx_word' id='word_1_322' title='bbox 1568 4568 1648 4632; x_wconf 89' lang='lat' dir='ltr'><strong>bello</strong></span> <span class='ocrx_word' id='word_1_323' title='bbox 1669 4568 1878 4632; x_wconf 77' lang='lat' dir='ltr'><strong>Macedonibus</strong></span> <span class='ocrx_word' id='word_1_324' title='bbox 1892 4572 1938 4633; x_wconf 89' lang='lat' dir='ltr'><strong>iu·</strong></span> 
     </span>
     <span class='ocr_line' id='line_1_37' title="bbox 364 4667 1940 4752; baseline 0.003 -21"><span class='ocrx_word' id='word_1_325' title='bbox 364 4670 487 4734; x_wconf 77' lang='lat' dir='ltr'><strong>ferendo</strong></span> <span class='ocrx_word' id='word_1_326' title='bbox 509 4669 630 4733; x_wconf 89' lang='lat' dir='ltr'><strong>cohibiti</strong></span> <span class='ocrx_word' id='word_1_327' title='bbox 652 4684 760 4743; x_wconf 85' lang='lat' dir='ltr'><strong>essent;</strong></span> <span class='ocrx_word' id='word_1_328' title='bbox 787 4673 866 4752; x_wconf 84' lang='lat' dir='ltr'><strong>quasi</strong></span> <span class='ocrx_word' id='word_1_329' title='bbox 887 4671 1077 4734; x_wconf 84' lang='lat' dir='ltr'><strong>Athenienses</strong></span> <span class='ocrx_word' id='word_1_330' title='bbox 1097 4684 1157 4732; x_wconf 90' lang='lat' dir='ltr'><strong>tum</strong></span> <span class='ocrx_word' id='word_1_331' title='bbox 1178 4692 1238 4732; x_wconf 90' lang='lat' dir='ltr'><strong>nou</strong></span> <span class='ocrx_word' id='word_1_332' title='bbox 1259 4671 1443 4735; x_wconf 73' lang='lat' dir='ltr'><strong>versatinimi</strong></span> <span class='ocrx_word' id='word_1_333' title='bbox 1464 4668 1572 4731; x_wconf 73' lang='lat' dir='ltr'><strong>fuerim</strong></span> <span class='ocrx_word' id='word_1_334' title='bbox 1591 4668 1622 4729; x_wconf 87' lang='lat' dir='ltr'><strong>iu</strong></span> <span class='ocrx_word' id='word_1_335' title='bbox 1642 4667 1733 4751; x_wconf 80' lang='lat' dir='ltr'><strong>pactis</strong></span> <span class='ocrx_word' id='word_1_336' title='bbox 1758 4668 1940 4736; x_wconf 72' lang='lat' dir='ltr'><strong>foederibus-</strong></span> 
     </span>
     <span class='ocr_line' id='line_1_38' title="bbox 364 4769 1318 4856; baseline 0 -22"><span class='ocrx_word' id='word_1_337' title='bbox 364 4793 420 4853; x_wconf 87' lang='lat' dir='ltr'><strong>que</strong></span> <span class='ocrx_word' id='word_1_338' title='bbox 442 4770 622 4853; x_wconf 85' lang='lat' dir='ltr'><strong>mmpeudis;</strong></span> <span class='ocrx_word' id='word_1_339' title='bbox 643 4769 674 4831; x_wconf 89' lang='lat' dir='ltr'><strong>id</strong></span> <span class='ocrx_word' id='word_1_340' title='bbox 695 4770 774 4851; x_wconf 87' lang='lat' dir='ltr'><strong>quod</strong></span> <span class='ocrx_word' id='word_1_341' title='bbox 795 4772 850 4854; x_wconf 90' lang='lat' dir='ltr'><strong>ipsi</strong></span> <span class='ocrx_word' id='word_1_342' title='bbox 870 4773 968 4856; x_wconf 82' lang='lat' dir='ltr'><strong>paucis</strong></span> <span class='ocrx_word' id='word_1_343' title='bbox 989 4773 1070 4834; x_wconf 84' lang='lat' dir='ltr'><strong>annis</strong></span> <span class='ocrx_word' id='word_1_344' title='bbox 1091 4783 1157 4854; x_wconf 86' lang='lat' dir='ltr'><strong>post</strong></span> <span class='ocrx_word' id='word_1_345' title='bbox 1177 4772 1318 4834; x_wconf 79' lang='lat' dir='ltr'><strong>iecerunt.</strong></span> 
     </span>
    </p>

    <p class='ocr_par' dir='ltr' id='par_1_12' title="bbox 405 4881 1470 4978">
     <span class='ocr_line' id='line_1_39' title="bbox 405 4881 1470 4978; baseline 0 -28"><span class='ocrx_word' id='word_1_346' title='bbox 405 4887 476 4968; x_wconf 82' lang='lat'><strong>(¹⁹⁹)</strong></span> <span class='ocrx_word' id='word_1_347' title='bbox 506 4888 592 4950; x_wconf 88' lang='lat' dir='ltr'><strong>Dem.</strong></span> <span class='ocrx_word' id='word_1_348' title='bbox 614 4912 645 4948; x_wconf 79' lang='grc' dir='ltr'><strong>π.</strong></span> <span class='ocrx_word' id='word_1_349' title='bbox 666 4911 791 4975; x_wconf 59' lang='lat' dir='ltr'><strong>sapone.</strong></span> <span class='ocrx_word' id='word_1_350' title='bbox 812 4891 909 4971; x_wconf 64' lang='lat' dir='ltr'><strong>poss</strong></span> <span class='ocrx_word' id='word_1_351' title='bbox 923 4891 972 4955; x_wconf 80' lang='lat' dir='ltr'><strong>lin.</strong></span> <span class='ocrx_word' id='word_1_352' title='bbox 992 4890 1098 4957; x_wconf 78' lang='lat' dir='ltr'><strong>Asseh.</strong></span> <span class='ocrx_word' id='word_1_353' title='bbox 1119 4881 1181 4978; x_wconf 75' lang='lat' dir='ltr'><strong>supi</strong></span> <span class='ocrx_word' id='word_1_354' title='bbox 1200 4883 1308 4977; x_wconf 69' lang='grc' dir='ltr'><strong><em>πρεσβ.</em></strong></span> <span class='ocrx_word' id='word_1_355' title='bbox 1328 4887 1470 4973; x_wconf 61' lang='lat' dir='ltr'><strong>plui&amp;</strong></span> 
     </span>
    </p>
   </div>
   <div class='ocr_carea' id='block_1_11' title="bbox 0 0 2322 5940">
    <p class='ocr_par' dir='ltr' id='par_1_13' title="bbox 0 0 2322 5940">
     <span class='ocr_line' id='line_1_40' title="bbox 0 0 2322 5940; baseline 0 11"><span class='ocrx_word' id='word_1_356' title='bbox 0 0 2322 5940; x_wconf 95' lang='lat' dir='ltr'><strong> </strong></span> 
     </span>
    </p>
   </div>
  </div>
 </body>
</html>
