4636 5940
1129 416 1184 506 21

369 616 417 690 ab
448 612 673 689 Archidamo
705 607 1085 686 Lacedaemoniorum
1117 632 1202 712 rege
1225 611 1310 707 (⁸⁰),
1353 626 1542 715 postremo
1580 609 1796 716 Philippum
1827 637 1951 715 regem

370 757 510 840 certum
542 763 760 843 sponsorem
789 754 894 812 nacta
927 739 1007 812 sibi·
1028 734 1222 812 videbatur
1235 738 1322 835 (⁸¹);
1356 763 1479 840 neque
1510 738 1628 814 aliena
1657 738 1715 813 his
1742 755 1819 814 erat
1843 744 1950 823 unius

368 870 514 970 itqrerii
538 867 710 967 cogitatio
725 866 811 961 (⁸²).
865 863 942 937 Alii
969 866 1033 965 qui
1056 861 1168 938 iidem
1193 862 1379 967 plebeiam
1402 881 1621 966 potestatem
1645 838 1947 968 aspernabantrd,

367 996 436 1096 ipsi
464 990 728 1094 rempublicam
756 987 1076 1064 administrandam
1102 994 1286 1094 suscipere
1306 988 1516 1083 studebant,
1545 990 1583 1065 id
1606 991 1706 1094 quod
1729 1017 1775 1067 eo
1796 996 1950 1068 assecuti

241 1184 245 1197 „
315 1102 318 1107 ⁵
367 1136 466 1211 sunt,
494 1135 536 1194 ut
561 1117 816 1220 largitionibus
842 1133 880 1192 et
905 1117 1204 1192 attributionibus
1231 1120 1437 1219 exqaerario
1459 1117 1623 1192 desidem
1644 1118 1805 1194 lacerent
1825 1145 1946 1222 popu·

366 1247 445 1327 lum
478 1261 515 1320 et
544 1243 748 1321 imbellem.
802 1244 918 1318 Erant
948 1247 1046 1317 enim
1078 1241 1117 1316 hi
1144 1246 1298 1317 maxima
1326 1269 1411 1346 pars
1438 1241 1610 1336 divitum,
1645 1249 1730 1345 qui,
1759 1269 1843 1318 cum
1868 1242 1949 1316 fieri

368 1387 573 1476 oporteret,
602 1386 644 1445 ut
667 1369 868 1473 plurimum
895 1368 1105 1445 detrimenti
1130 1393 1151 1443 e
1177 1368 1286 1444 hellis
1313 1373 1535 1472 acciperent,
1570 1395 1699 1472 pacem
1725 1391 1949 1472 quocunque

367 1496 483 1575 modo
508 1512 660 1601 possent
685 1520 901 1572 conservare
926 1495 1135 1571 studebant.
1190 1494 1256 1570 Uti
1283 1499 1393 1598 igitur
1416 1514 1543 1599 pacam
1568 1501 1767 1602 quietaque
1794 1495 1950 1571 Graecia

366 1640 545 1715 maneret,
575 1627 738 1726 utrisque
764 1619 986 1698 studendum
1013 1646 1090 1698 esse
1115 1620 1327 1715 videbatur,
1362 1627 1416 1697 uti
1440 1649 1505 1698 rex
1530 1620 1724 1699 Persarum
1750 1649 1770 1697 a
1797 1621 1949 1697 Graecis

366 1751 471 1828 bello
496 1765 738 1854 premeretur,
767 1748 901 1824 horum
928 1752 1047 1823 minus
1072 1753 1247 1825 intererat
1273 1775 1383 1852 quam
1410 1748 1574 1833 illorum,
1603 1753 1672 1824 nisi
1693 1749 1790 1824 forte
1809 1747 1948 1823 leviore

368 1903 481 1982 opera
507 1880 661 1954 civitatis
686 1876 790 1951 frena
814 1891 981 1950 recturos
1006 1901 1045 1950 se
1070 1876 1281 1978 sperabant,
1310 1874 1408 1951 haud
1434 1880 1560 1980 exigua
1582 1873 1824 1951 multitudinis
1842 1888 1947 1975 parte

365 2001 539 2109 stipendii
570 2028 677 2078 causa
706 2001 840 2106 procul
870 2027 890 2075 a
924 2005 1038 2105 patria
1072 2005 1166 2077 intra
1201 2002 1399 2105 opulentos
1430 2005 1538 2078 Asiae
1569 2001 1662 2077 fines
1688 2001 1844 2105 degente
1858 2002 1945 2097 (⁸³).

366 2132 419 2208 At
442 2129 541 2205 haud
569 2131 737 2221 arbitrer,
771 2145 847 2204 tam
872 2128 984 2230 longe
1011 2127 1080 2203 hos
1106 2127 1348 2231 praevidisse3
1383 2128 1528 2204 nullum
1553 2132 1651 2204 enim
1678 2129 1787 2204 huius
1812 2130 1866 2201 rei
1893 2129 1948 2199 in·

366 2255 504 2332 dicium
535 2257 684 2330 invenio
716 2278 838 2355 neque
869 2251 968 2356 apud
999 2257 1196 2355 scriptores
1220 2281 1343 2330 rerum
1373 2281 1495 2356 neque
1521 2254 1620 2357 apud
1646 2260 1767 2357 ipsum
1793 2252 1947 2328 Aeschi-

366 2407 465 2458 nem.
519 2382 686 2482 Apparet
714 2394 858 2470 tamen,
891 2378 958 2452 has
990 2395 1111 2482 partes
1143 2405 1220 2453 non
1252 2376 1472 2455 adversarias
1503 2381 1573 2453 sibi
1598 2405 1676 2453 esse
1703 2395 1767 2454 aut
1785 2382 1948 2451 instituta

343 2509 527 2586 turbare.
607 2502 765 2606 Reliqua
793 2520 847 2579 est
870 2503 1004 2606 populi
1030 2503 1244 2580 multitudo.
1311 2501 1417 2599 Quae
1443 2507 1584 2579 iuribus
1610 2507 1744 2579 suiset
1769 2501 1947 2577 iudiciali·
2010 2585 2015 2594 a

364 2634 435 2708 bus
461 2646 500 2705 et
523 2628 702 2731 legalibus
727 2628 835 2720 elata,
865 2632 1030 2702 omnium
1055 2655 1176 2703 rerum
1205 2654 1314 2732 egens
1340 2646 1378 2705 et
1401 2633 1457 2705 sui
1477 2627 1664 2705 commodi
1685 2627 1831 2732 cupida,
1861 2655 1946 2702 cum

364 2755 459 2833 duce
485 2780 579 2859 opus
604 2771 718 2847 esset,
753 2757 818 2858 qui
844 2754 1102 2831 emolumentis
1135 2759 1208 2831 suis
1237 2755 1429 2832 consulere
1454 2753 1654 2842 rideretur,
1690 2780 1776 2831 mox
1803 2755 1945 2829 Demo-

364 2881 531 2960 sthenem
563 2898 749 2958 oratorem
778 2897 966 2983 tamquam
999 2883 1189 2957 triburmm
1219 2882 1342 2986 plebis
1371 2898 1494 2958 secuta
1528 2898 1594 2957 est.
1650 2882 1722 2957 Hic
1749 2885 1846 2957 enim
1872 2897 1947 2955 tam

363 3012 461 3090 benc
486 3035 633 3085 sensum
656 3007 952 3100 Atheniensium,
987 3024 1117 3110 utpote
1144 3012 1209 3110 qui
1234 3012 1313 3112 ipse
1340 3025 1435 3084 esset
1460 3025 1560 3084 totus
1584 3007 1832 3099 Atheniensis,
1861 3033 1945 3108 per·

364 3138 556 3242 spiciebat,
584 3152 627 3211 ut
651 3151 729 3208 arte
754 3158 819 3207 sua
845 3130 991 3207 dicendi
1016 3130 1333 3208 vehementissima
1352 3133 1485 3236 populi
1504 3133 1674 3234 suffragia
1694 3137 1734 3206 in
1754 3157 1854 3207 suam
1872 3137 1943 3207 rei-

274 3335 279 3343 .
363 3261 536 3368 publicae
567 3255 748 3363 gerendae
773 3260 954 3332 rationem
978 3255 1204 3333 transferret.
1259 3256 1368 3332 Haud
1394 3259 1509 3332 rarius
1541 3261 1582 3333 in
1608 3259 1835 3332 orationibus
1863 3275 1945 3333 ante

364 3387 548 3493 populum
573 3385 762 3488 gloriatur,
791 3409 831 3459 se
858 3407 936 3459 esse
960 3398 1122 3458 tutorem
1143 3409 1361 3488 pauperum,
1390 3411 1556 3488 magnam
1577 3411 1615 3461 se
1637 3382 1843 3460 divitiarum
1861 3411 1945 3488 par·

364 3532 441 3591 tem
467 3517 505 3587 in
530 3511 663 3616 populi
689 3510 842 3587 salutem
867 3507 1103 3614 impendisse,
1138 3514 1178 3585 in
1204 3509 1339 3586 choros
1365 3509 1568 3605 ducendos,
1596 3516 1636 3587 in
1660 3516 1756 3588 cives
1783 3537 1804 3586 e
1830 3515 1945 3615 capti-

363 3644 476 3718 vitate
506 3635 761 3730 redimendos,
796 3641 836 3711 in
870 3663 995 3713 muros
1019 3635 1258 3713 exstruendos
1284 3637 1445 3741 aliasque
1471 3665 1529 3714 res
1543 3639 1629 3738 (⁸⁴).
1684 3637 1803 3742 Saepe
1829 3637 1944 3713 Athe·

407 3868 465 3951 (⁸⁰)
496 3890 543 3952 ep.
564 3869 607 3929 1x
628 3868 665 3929 ad
684 3867 806 3929 Archid.
916 3864 974 3947 (⁸¹)
1006 3888 1051 3930 or.
1073 3867 1205 3929 ad-Phil.
1227 3869 1310 3930 old.
1333 3867 1371 3930 cl.
1393 3889 1440 3951 ep.
1454 3869 1500 3929 111
1519 3869 1556 3930 ad
1576 3868 1651 3929 Phil.
1673 3868 1741 3948 (11).

406 3974 464 4060 (θ’)
494 3979 586 4040 Isocr.
607 3976 747 4038 Nicocles
768 3975 831 4038 αὖ.
873 3974 1006 4036 Tradunt
1026 3974 1259 4038 Ps-Plutarchus
1285 3988 1315 4037 et
1341 3974 1598 4053 Pausan.L18,7,
1624 3975 1782 4038 Isocratem
1804 3977 1886 4038 clade
1908 3978 1944 4037 ed

366 4076 567 4143 Chaeroneam
587 4088 706 4159 accepte
726 4076 804 4137 ultro
824 4076 914 4138 vitam
934 4075 1009 4135 lame
1029 4073 1165 4151 finivisse,
1185 4097 1223 4137 ue
1244 4075 1423 4159 reipublicae
1445 4075 1579 4138 libertate
1594 4076 1722 4159 privatae
1737 4091 1882 4159 superstes
1897 4098 1944 4140 es·

365 4193 418 4242 aet.
460 4178 551 4255 Quod
572 4179 626 4241 etsi
647 4198 748 4239 verum
770 4188 823 4254 est,
850 4189 947 4239 tamen
967 4194 1133 4257 persuasum
1154 4175 1259 4252 haheo,
1279 4197 1388 4254 senem,
1409 4177 1434 4238 si
1456 4177 1678 4260 exspectavisset
1698 4198 1770 4258 quae
1792 4177 1944 4261 Philippus

365 4298 417 4340 rex
436 4300 491 4359 pro
513 4279 667 4341 clementia
686 4298 735 4339 sua
757 4276 793 4338 de
815 4275 922 4339 Athen.
944 4274 1094 4358 republica
1114 4277 1280 4353 constituit,
1308 4299 1368 4339 non
1393 4277 1479 4339 nimis
1499 4279 1613 4339 anxium
1633 4289 1835 4361 perrecturum
1856 4278 1944 4338 luisse

365 4379 477 4453 uivere,
495 4380 520 4438 si
540 4379 624 4440 aliter
643 4379 695 4439 Dii
716 4377 838 4460 propitii
860 4378 899 4453 ei,
919 4377 968 4458 qui
989 4397 1084 4459 prope
1105 4378 1286 4440 centenarius
1307 4391 1379 4455 erat,
1400 4379 1490 4440 mains
1510 4380 1596 4439 etiarn
1609 4391 1724 4461 tempus
1738 4377 1855 4439 vivendi
1870 4397 1943 4438 cou-

366 4479 473 4543 cedere
494 4476 611 4537 vellent
653 4476 695 4538 At
714 4491 806 4541 metus
827 4476 1047 4538 Atheniensium
1068 4489 1135 4559 post
1156 4475 1301 4540 Chaeron.
1323 4499 1449 4563 pugnam
1469 4478 1572 4563 iugens
1593 4489 1665 4553 erat,
1685 4476 1855 4560 praesertim
1877 4496 1943 4538 curu

364 4579 514 4661 Philippus
535 4576 577 4636 ira
598 4577 730 4640 incensus
751 4577 959 4641 Thebanorum
980 4578 1119 4660 perfidiae
1140 4598 1271 4661 maguam
1292 4577 1448 4641 vindictam
1469 4599 1584 4641 sumere
1604 4576 1767 4638 mohretur.

406 4692 464 4775 (⁸³)
495 4695 586 4756 Isocr.
609 4693 644 4755 ad
665 4694 739 4755 Phil.
762 4717 805 4759 or.
828 4695 903 4759 eso
924 4708 954 4758 et
974 4696 1057 4759 ess.

406 4799 464 4883 (⁸⁴)
495 4803 526 4864 3¹¹
546 4801 618 4862 Mid.
639 4799 746 4883 p·547·
767 4802 873 4883 pass.
895 4827 926 4863 π.
948 4827 1072 4890 παραπρ.
1093 4803 1189 4886 pass
1203 4803 1291 4878 med,
1311 4803 1408 4886 p.393
1423 4804 1484 4865 init
1507 4801 1663 4884 praecipue
1684 4802 1780 4885 past
1791 4825 1855 4885 sqq.
1870 4803 1940 4867 410.

365 4908 518 4972 412413.
532 4909 569 4970 al.
