4636 5940
466 589 574 663 nibus
601 584 647 660 dc
673 585 870 686 legatione,
901 605 1056 684 quarum
1080 577 1287 656 Aeschines
1313 576 1509 682 diligenter
1535 594 1573 653 et
1597 594 1763 654 accurate
1789 581 1924 682 scripta
1951 580 2045 654 mul·

465 731 520 788 tas
545 738 617 804 res,
647 736 738 813 quas
757 707 1029 784 Demosthenes
1046 709 1086 782 in
1103 732 1210 782 suum
1228 703 1466 780 commodum
1486 704 1705 808 explanavit,
1734 733 1812 783 non
1831 732 1876 782 ex
1897 709 2048 783 veritate

465 842 513 915 ab
540 866 585 914 eo
612 836 725 912 dictas
752 861 830 911 esse
855 832 1085 910 documentis
1110 832 1225 908 fultus
1251 830 1412 908 dilucide
1438 829 1713 907 demonstravit.

607 965 708 1040 Haec
729 967 766 1036 in
784 965 994 1037 universum
1007 964 1056 1036 ita
1076 957 1259 1063 disputata
1278 974 1376 1051 sunt,
1396 974 1439 1034 ut
1454 961 1576 1034 statim
1594 983 1616 1033 a
1631 961 1832 1062 principio,
1856 985 2052 1062 quamnam

465 1097 546 1195 ipse
571 1094 719 1192 utrique
745 1086 858 1163 fidem
882 1084 1091 1163 habendam
1110 1112 1291 1178 censeam,
1320 1084 1419 1160 haud
1437 1089 1573 1163 veritus
1593 1088 1806 1163 temeritatis
1824 1101 1951 1161 notam
1970 1089 2049 1189 pla·

466 1222 614 1294 nissime
641 1231 942 1290 commonstrem.
998 1210 1112 1308 Quod
1139 1213 1325 1315 reliquum
1351 1228 1419 1305 est,
1454 1228 1497 1287 ut
1521 1212 1617 1287 hanc
1643 1211 1850 1315 generalem
1875 1211 2049 1288 differen-

466 1348 554 1419 tiam
582 1343 686 1417 factis
713 1341 977 1416 assationibus
1002 1342 1192 1442 utriusque
1219 1342 1395 1431 muniam,
1430 1335 1654 1415 reserratum
1681 1337 1720 1414 id
1746 1354 1802 1415 est
1828 1338 2050 1442 singularum

467 1495 590 1544 rerum
616 1469 850 1570 expositioni,
880 1492 976 1570 quae
1002 1464 1177 1569 deinceps
1203 1465 1363 1542 dabitur.

1214 1694 1308 1795 §.a

610 1845 747 1923 Civiles
773 1870 863 1924 vero
888 1846 974 1922 illae
994 1848 1155 1948 partium
1174 1841 1379 1920 discordiae
1398 1870 1483 1924 cum
1502 1844 1592 1920 olim
1612 1848 1862 1936 increvissent,
1890 1862 1969 1920 tum
1987 1844 2050 1922 de·

469 2001 570 2050 mum
596 1972 708 2076 plane
735 1989 882 2076 apertae
908 1973 1054 2075 sibique
1073 1974 1260 2075 expositae
1284 1972 1525 2074 apparebant,
1554 1997 1638 2047 cum
1657 1971 1704 2048 de
1723 1971 1943 2076 Amphipoli
1959 1973 2052 2047 urbe

468 2125 560 2204 pace
591 2099 823 2174 Philocrates
855 2100 1041 2202 agebatur.
1058 2100 1149 2197 (¹¹⁸)
1200 2096 1276 2174 Res
1307 2100 1405 2173 enim
1437 2123 1484 2173 eo
1507 2114 1768 2201 pervenerant,
1802 2115 1844 2175 ut
1876 2101 2050 2201 utrinque

468 2225 713 2301 Athenienses
738 2224 830 2300 belli
853 2228 1076 2328 poeniteret,
1112 2222 1214 2326 quod
1241 2223 1418 2326 languore
1444 2225 1490 2298 ab
1516 2226 1618 2327 ipsis,
1652 2223 1825 2300 felicitaoe
1850 2229 2005 2300 maxima
2032 2251 2052 2299 a

469 2350 646 2454 Philippo
667 2352 873 2453 gerebatur.
915 2349 1086 2453 Namque
1104 2347 1314 2453 Philippus,
1337 2376 1422 2426 cum
1439 2353 1634 2453 imperium
1657 2348 1740 2449 (Ol.
1760 2352 1896 2444 105.1;
1915 2353 2053 2448 auso)

468 2483 684 2582 susciperet,
713 2503 734 2552 e
760 2480 912 2577 vestigio
938 2475 1063 2552 hostes
1087 2501 1174 2551 suos
1195 2475 1357 2552 habebat
1375 2475 1634 2569 Athenienses,
1663 2480 1728 2578 qui
1747 2493 1790 2552 ut
1807 2477 2067 2581 Amphipolin.

470 2618 729 2706 recuperarent
760 2602 943 2703 Argaeum
976 2602 1080 2701 regni
1109 2599 1357 2674 Macedonum
1392 2617 1628 2702 appetentem
1664 2600 1885 2678 adiuvabant
1914 2604 2054 2679 Mentis

471 2727 579 2819 duce,
610 2731 675 2827 qui
699 2743 756 2799 ter
782 2725 884 2800 mille
910 2723 1058 2800 hastatis
1084 2748 1309 2827 magnaeque
1332 2723 1437 2800 classi
1457 2742 1637 2828 praeerat.
1654 2728 1745 2825 (¹¹⁹)
1784 2725 1948 2803 Primum
1965 2727 2052 2804 Phi·

472 2854 569 2957 lippi
593 2851 734 2926 lacinus
759 2866 837 2926 erat
860 2852 1013 2926 victoria
1030 2851 1078 2925 ab
1095 2849 1384 2927 Atheniensibus
1402 2867 1588 2955 reportata
1608 2851 1652 2927 ad
1671 2852 1889 2930 Methonem
1909 2857 2052 2933 urbem.

472 2977 546 3055 Per
571 2978 711 3080 legatos
739 2977 784 3051 ab
810 2973 1099 3052 Atheniensibus
1124 3001 1254 3081 pacem
1279 2980 1499 3080 impetravit,
1530 3004 1603 3080 qua
1627 2978 1848 3084 Amphipoli
1873 2982 2054 3059 concede·

472 3123 530 3182 ret
558 3123 600 3180 ut
633 3107 690 3178 sui
721 3106 808 3179 iuris
840 3103 930 3179 urbs
959 3120 1066 3179 esset.
1082 3105 1176 3202 (¹²⁰)
1227 3102 1370 3180 Tamen
1399 3102 1500 3179 haud
1534 3104 1654 3182 multo
1684 3123 1784 3209 post,
1813 3135 1897 3184 cum
1923 3109 2055 3185 multas

471 3232 563 3308 belli
590 3228 773 3306 inserendi
798 3254 922 3305 causas
947 3234 982 3305 ei
1006 3227 1191 3308 dedissent
1215 3228 1513 3334 Amphipolitae,
1546 3232 1678 3307 urbem
1703 3232 1855 3310 adortus
1878 3239 1914 3313 vi
1941 3231 2052 3338 cepit.

470 3361 563 3435 Mox
589 3362 696 3432 etiam
717 3353 883 3458 Pydnam
905 3360 1111 3458 occupavit,
1140 3383 1224 3432 cum
1242 3353 1430 3458 Olynthiis
1448 3353 1580 3432 foedus
1598 3361 1716 3448 iniria,
1747 3365 1907 3462 quitum
1925 3387 2054 3465 magna

473 3501 578 3561 erant
603 3485 768 3585 potentia
795 3479 994 3583 multisque
1021 3482 1169 3584 opibus,
1199 3506 1370 3584 quosque
1391 3482 1462 3556 sihi
1483 3481 1681 3556 conciliare
1701 3488 1838 3560 amicos
1857 3487 2054 3563 vehemen·
2128 3579 2134 3586 ,

474 3631 532 3688 ter
560 3608 758 3686 studebant
788 3607 1045 3684 Athenienses.
1095 3608 1147 3684 At
1173 3604 1264 3710 quid
1288 3604 1504 3711 Philippus?
1545 3604 1761 3683 Potidaeam
1784 3611 1914 3686 urbem
1938 3611 2054 3688 Athe·

474 3739 662 3815 niensihus
690 3753 854 3840 ereptam
879 3733 983 3813 dono
1009 3733 1112 3812 dedit
1137 3731 1343 3839 Olynthiis,
1378 3751 1416 3812 et
1442 3733 1719 3810 Atheniensium
1744 3734 1967 3838 praesidium
1992 3764 2056 3815 co·

473 3869 635 3940 missime
659 3866 729 3939 sibi
755 3879 950 3945 tractatum
980 3862 1133 3939 domum
1163 3863 1327 3938 remittit.
1344 3862 1437 3960 (¹²¹)
1486 3860 1631 3936 Interea
1662 3860 1919 3955 Athenienses,
1953 3882 2055 3969 post·

477 4016 588 4092 quam
619 3993 707 4064 ortis
738 3993 777 4062 in
803 3991 957 4066 Euboea
989 3990 1248 4066 certaminibus
1280 3987 1375 4064 levia
1405 3987 1549 4091 proelia
1574 4012 1658 4062 cum
1685 3987 1874 4064 Thebanis
1901 3995 2052 4066 commi·

517 4214 588 4300 (¹¹⁸)
619 4218 667 4279 De
688 4216 887 4279 Demosthene
909 4229 940 4279 et
959 4215 1104 4282 Aeschine
1125 4217 1315 4282 Philostratus
1335 4220 1355 4281 l.
1367 4219 1386 4280 l.
1406 4209 1543 4277 ’urbem
1565 4206 1596 4278 di
1617 4214 1713 4280 αὐτοῖς
1732 4213 1782 4290 τὴν
1796 4213 1937 4308 διαφορᾶν
1956 4214 2054 4309 ὁὺπὲρ

474 4311 675 4399 'Appendices
701 4307 745 4376 tri
772 4319 823 4376 τοῦ
843 4321 904 4377 Φιλ.
925 4308 1024 4396 λόγος,
1045 4309 1091 4378 ὅτε
1112 4313 1146 4391 δὴ
1168 4310 1287 4404 dederes-s
1308 4308 1357 4390 adv
1377 4320 1429 4377 τοῦ
1448 4310 1537 4396 λέγον
1560 4316 1574 4377 e‘
1595 4307 1795 4391 necessisse:
1821 4318 1852 4380 in
1873 4340 1953 4403 seqq.
1982 4343 2054 4385 con-

419 4415 420 4418 '
475 4421 573 4484 tundit
592 4418 728 4482 Philostr.
750 4429 892 4499 tempora.
1763 4416 1768 4443 ³
2026 4441 2030 4447 ’

519 4535 590 4618 (¹¹⁹)
621 4536 712 4601 Diod.
734 4535 840 4597 ΚΜ
854 4534 903 4597 hm
924 4535 1024 4598 lustin.
1035 4535 1101 4598 vn.
1111 4537 1140 4599 6.

520 4650 592 4733 (¹⁸⁰)
622 4657 709 4718 Dem.
730 4657 761 4717 in
781 4654 924 4718 Aristocr.
946 4654 1052 4737 podo:
1073 4648 1197 4731 eludere
1217 4655 1324 4737 (Phil.)
1344 4645 1376 4715 δῖ
1396 4650 1554 4742 γράμματα
1574 4652 1766 4736 {usmaro
1779 4651 1886 4730 ἕτοιμος
1900 4650 1968 4720 εἶναι
1983 4683 2055 4730 συμ-

478 4747 594 4833 μαχίαν
613 4752 762 4815 ποιεῖσθαι
784 4799 813 4815 ..
833 4755 924 4819 Diod·
946 4754 1058 4818 ΠΗ
1072 4756 1134 4819 init
1156 4756 1295 4839 Polyaen.
1316 4756 1368 4816 IV.
1379 4755 1466 4833 217.

522 4865 593 4953 (¹¹¹)
623 4870 713 4932 Diod.
735 4873 754 4931 l.
767 4872 786 4933 l.
809 4894 834 4935 c.
842 4873 870 4936 8.
1432 4896 1434 4900 ·
