4636 5940
1080 425 1137 514 23

318 619 434 711 diosa,
463 621 577 720 impie
603 614 698 693 dicta
723 618 763 690 in
788 612 892 708 deos,
926 614 1010 691 fieta
1036 619 1177 692 somnia
1191 620 1277 716 (⁹⁰),
1306 616 1489 694 Persicam
1513 621 1721 722 pecuniam.
1775 620 1898 696 Etiam

316 750 438 850 pravis
470 744 682 819 hominibus
712 746 841 834 utitur,
876 742 1079 818 dummodo
1110 769 1176 818 sua
1207 745 1358 820 consilia
1384 743 1569 820 adiuvent:
1603 761 1727 823 tuetur
1753 746 1897 851 Timar·

316 870 427 949 chum
447 871 640 947 scelestum
661 870 901 964 nebulonem3
930 869 1084 962 Chares,
1113 869 1230 946 homo
1249 875 1495 973 pravissimus,
1515 876 1684 974 protinus
1705 871 1779 949 dux
1796 868 1897 949 creass

255 1008 259 1013 '
315 1016 389 1092 tur,
418 1000 483 1074 uhi
507 995 770 1072 Demosthenis
794 996 917 1072 studio
944 995 1143 1099 aliquando
1164 996 1313 1073 tandem
1333 996 1577 1102 expeditionis
1597 1000 1791 1075 consilium
1808 1024 1896 1102 pro·

315 1128 442 1202 hatum
469 1141 524 1200 est
548 1122 692 1227 populo
707 1126 794 1223 (⁹¹);
828 1128 919 1199 socii
948 1140 1074 1227 portas
1100 1123 1186 1199 huic
1212 1123 1387 1200 claudunt
1413 1130 1553 1228 experti
1578 1129 1650 1200 iam
1677 1129 1785 1201 nimis
1810 1126 1895 1199 libi·

315 1251 582 1327 dinosissimum
609 1250 793 1325 licentiam
818 1267 855 1325 et
880 1254 993 1354 ipsius
1019 1266 1057 1327 et
1082 1277 1224 1342 eorum,
1255 1277 1350 1353 quos
1375 1278 1565 1353 nunquam
1585 1277 1663 1327 non
1683 1277 1806 1327 secum
1829 1251 1897 1326 du·

315 1381 441 1472 eebat3
474 1394 635 1453 attamen
661 1393 817 1469 creatur,
854 1382 1017 1478 quamvis
1040 1377 1135 1452 male
1161 1403 1240 1451 rem
1267 1394 1381 1479 gerat3
1416 1382 1596 1481 optimum
1623 1376 1756 1453 ducem
1782 1377 1896 1479 negli-

314 1521 416 1609 gunt.
470 1502 654 1578 Nimirum
688 1500 826 1577 Chares
858 1507 1053 1604 pecuniam
1083 1500 1128 1576 ad
1155 1504 1297 1578 bellum
1327 1502 1527 1606 gerendum
1556 1508 1794 1579 necessariam
1818 1507 1897 1605 ipse

314 1632 384 1707 sibi
416 1630 670 1733 comparabat,
704 1627 829 1704 hostes
860 1634 998 1732 pariter
1028 1645 1140 1732 atque
1170 1636 1307 1706 amicos
1342 1628 1518 1733 diripiens
1551 1646 1588 1706 et
1620 1657 1705 1705 cum
1732 1634 1894 1704 exercitu

313 1755 468 1833 Persicis
493 1759 643 1858 satrapis
670 1754 850 1848 militans,
886 1755 1000 1859 idque
1025 1756 1113 1831 facit
1137 1781 1205 1830 suo
1231 1759 1401 1849 arbitrio,
1436 1761 1575 1860 patriae
1600 1761 1714 1860 ipsius
1740 1756 1896 1831 salutem

314 1883 513 1987 negligens,
550 1886 600 1958 ita
633 1898 689 1974 nt,
727 1902 812 1958 eum
846 1881 1035 1986 quondam
1068 1880 1245 1987 Philippo
1278 1909 1363 1987 rege
1395 1900 1549 1987 urgente
1581 1882 1825 1958 Athenienses
1856 1885 1897 1956 in

312 2035 447 2114 magno
470 2009 639 2113 periculo
663 2008 871 2103 haererent,
901 2009 1217 2114 Cephisophontis
1244 2009 1394 2088 decreto
1421 2015 1505 2087 navi
1532 2015 1800 2100 emitterentur,
1830 2010 1897 2110 qui

313 2163 496 2212 summum
526 2135 808 2213 Atheniensium
839 2141 1099 2241 imperatorem
1132 2155 1364 2241 quaererent,
1402 2141 1510 2240 eique
1538 2165 1621 2213 cum
1647 2141 1898 2241 repperissent

313 2261 491 2338 dicerent:
521 2265 645 2336 mirari
672 2265 854 2338 civitatem
880 2263 1176 2354 Atheniensium,
1203 2268 1242 2340 in
1266 2290 1410 2339 summo
1439 2261 1649 2339 discrimine
1674 2289 1713 2338 se
1738 2266 1893 2352 nescire,

312 2388 378 2463 ubi
410 2403 506 2463 esset
536 2413 622 2461 suus
652 2390 854 2489 imperator
873 2392 958 2485 (⁹²).
1017 2390 1143 2490 Atque
1173 2414 1218 2463 ex
1248 2404 1357 2489 raptu
1389 2390 1530 2463 civibus
1562 2393 1702 2463 cunctis
1738 2393 1776 2460 in
1810 2387 1894 2460 loro

312 2512 464 2617 epulum
489 2511 594 2588 dedit
607 2514 692 2611 (⁹³).
732 2515 801 2589 Ast
818 2512 953 2588 horum
972 2517 1047 2590 rita
1066 2511 1355 2605 dissolutissima,
1385 2511 1510 2587 nullus
1531 2511 1577 2588 ad
1599 2539 1677 2588 rem
1698 2511 1896 2614 gerendam

312 2644 453 2714 animus
479 2655 659 2742 promtus,
689 2641 726 2711 in
754 2654 853 2713 tanta
878 2641 1023 2714 miserie
1049 2641 1245 2742 superbus.
1297 2637 1571 2713 Demosthenes
1597 2665 1682 2714 cum
1701 2644 1740 2713 in
1760 2638 1826 2713 tali
1843 2641 1895 2712 ci·

309 2768 431 2842 vitatis
461 2781 558 2840 statu
588 2767 679 2866 erigi
708 2789 818 2867 posse
850 2780 1027 2868 speraret,
1062 2781 1207 2869 tempus
1233 2791 1341 2840 suum
1364 2791 1496 2868 parum
1522 2781 1756 2868 perspectum
1781 2765 1896 2839 habc-

297 2893 473 2990 ,bat(⁹⁴).
510 2891 595 2994 Ipse
620 2917 705 2966 cum
731 2915 800 2965 suo
825 2890 963 2984 studio,
991 2895 1078 2968 totis
1103 2895 1177 2967 suis
1203 2893 1351 2995 opibus,
1380 2917 1519 2968 summa
1546 2918 1610 2967 sua
1634 2891 1780 2968 dicendi
1801 2907 1893 2984 arte,

309 3036 435 3094 tamen
459 3017 560 3093 solus
587 3017 720 3092 iussim
745 3019 964 3093 instantibus
988 3019 1099 3093 rebus
1126 3019 1281 3093 obstitit.
1335 3018 1582 3093 Athenienses
1606 3018 1761 3094 audiunt
1782 3022 1894 3092 maxi·

311 3172 411 3220 mum
440 3160 625 3220 oratorem
653 3159 689 3215 et
716 3139 957 3231 admirantum
992 3156 1030 3215 at
1053 3139 1149 3214 nihil
1172 3141 1311 3215 faciunt
1337 3141 1441 3242 quod
1466 3141 1608 3217 suadet.
1661 3141 1770 3217 Fides
1796 3159 1895 3217 cete-

311 3295 434 3345 rarum
460 3271 659 3356 civitatum,
688 3288 780 3366 quas
803 3279 932 3339 contra
955 3262 1179 3339 Macedones
1202 3263 1400 3340 conciliare
1425 3263 1562 3357 studet,
1592 3265 1639 3343 de
1664 3268 1749 3342 foro
1775 3268 1892 3342 Athe·

312 3396 494 3469 niensium
519 3389 662 3466 sublata
691 3406 758 3465 est.
812 3390 898 3493 Ipse
931 3389 1068 3466 alicubi
1095 3389 1202 3467 dicit:
1243 3386 1339 3465 Eid⁹
1366 3386 1428 3471 οἷος
1451 3381 1486 3479 ἦν
1511 3387 1578 3483 ἐγὼ
1604 3396 1679 3502 παρ’
1705 3397 1778 3484 ὑμῖν
1805 3387 1895 3468 sord

353 3731 410 3815 (⁹⁰)
441 3734 547 3796 Aeseh.
569 3733 633 3794 adv.
656 3729 736 3795 Ctes.
758 3730 901 3814 p.64.35.
925 3735 980 3791 vois
1001 3773 1028 3792 ..
1048 3730 1128 3793 θεῶν
1149 3726 1325 3803 συμπλάσας
1345 3734 1438 3814 ἑαυτῷ
1457 3727 1581 3796 ε’νῦπνοον
1601 3727 1818 3808 κατεψεύσατο.

352 3851 409 3932 (⁹¹)
441 3853 517 3913 Plut.
539 3852 576 3913 de
596 3851 725 3913 fraterno
746 3871 845 3912 amore
866 3848 1026 3932 p.486.C.:
1047 3853 1082 3912 Oi
1102 3842 1151 3920 uis
1172 3841 1220 3912 οὖν
1240 3847 1318 3911 καθ’
1340 3845 1434 3940 iripoee
1454 3849 1538 3917 siderio
1557 3846 1727 3927 βαδίζοντος
1744 3845 1824 3914 οὐδὲν
1838 3853 1892 3915 ἆλ-

310 3946 414 4028 λῆλονς
440 3950 609 4031 ὠφελοῦσιν,
636 3952 659 4012 οἱ
686 3943 717 4011 δὲ
744 3944 821 4017 βίοις
848 3941 987 4036 χρώμενον
1008 3944 1154 4038 διαφέροοο
1173 3945 1220 4011 ro'v
1240 3975 1271 4010 τε
1293 3946 1406 4030 φθίνον
1425 3946 1611 4038 ἐκτρέπονται,
1637 3945 1684 4014 καὶ
1706 3958 1892 4040 συνεργοῦσιν

311 4048 445 4128 duritem
471 4056 591 4123 urium,
618 4049 656 4115 oie
681 4043 868 4123 Δημοοθῖνηο
892 4042 942 4111 nal
966 4043 1062 4137 Χάρης
1085 4043 1134 4112 ussi
1158 4042 1246 4112 arsita
1266 4047 1408 4132 Αἰσχίνης
1426 4046 1476 4114 καὶ
1495 4043 1659 4124 Εὔβουλος,
1678 4046 1726 4115 nui
1745 4050 1893 4142 Ὑπερίδης

310 4148 358 4216 ussi
378 4147 557 4225 Διωσθὲνης,
579 4152 602 4212 οἱ
622 4140 671 4222 μὲν
691 4143 822 4230 λῖγοντος
841 4150 870 4210 ἒν
891 4154 932 4229 τῷ
951 4143 1029 4230 δήμῳ
1049 4142 1098 4211 uui
1116 4144 1287 4237 γράφοντες,
1308 4154 1332 4212 οἱ
1347 4143 1378 4214 di
1392 4157 1617 4240 στρατηγοῦντος
1630 4146 1678 4214 καὶ
1692 4148 1869 4240 πράττοντες.

352 4269 410 4351 (⁹⁸)
440 4270 545 4334 Aesch.
566 4261 627 4356 trapi
648 4261 755 4355 optol).
777 4267 918 4351 p.37.30.

353 4384 411 4467 (³³)
441 4387 547 4450 Athen.
568 4388 636 4448 m
658 4386 754 4470 pest
775 4387 912 4470 princeps
933 4387 969 4450 de
991 4386 1117 4450 Charete
1138 4388 1228 4450 loeus.
1250 4388 1288 4451 cl.
1308 4389 1399 4451 Diod.
1420 4390 1485 4450 XV.
1498 4389 1548 4463 95;
1561 4391 1697 4453 XV185.
1723 4391 1800 4451 Plnt.
1821 4411 1889 4451 num

313 4509 401 4553 senex
422 4501 479 4549 cet
500 4487 552 4547 lx.
565 4489 635 4550 151.
658 4488 696 4549 cs.
716 4486 844 4550 Boeclh.
867 4487 982 4551 Oecon.
1003 4487 1072 4549 Ath.
1092 4489 1116 4549 1.
1138 4488 1234 4570 p.315
1245 4511 1288 4571 sq.
1310 4501 1340 4552 et
1365 4490 1485 4553 omnino
1512 4491 1588 4554 loce.
1610 4491 1671 4553 citt.
1692 4511 1738 4571 ap.
1760 4492 1888 4553 Vosme-

312 4588 383 4653 liurn
404 4589 434 4651 in
454 4585 569 4669 proleg.
590 4586 621 4647 in
641 4586 746 4649 Phill
767 4601 798 4651 et
818 4587 940 4671 Olynth.
961 4589 1046 4671 p.60.
1686 4646 1691 4655 ,

353 4702 412 4785 0⁴)
443 4704 501 4768 rid.
522 4703 651 4766 Boeekh.
672 4705 693 4766 l.
705 4705 724 4766 l.
745 4706 769 4766 1.
791 4729 820 4789 p.
828 4705 898 4768 128:
920 4751 928 4767 .
940 4751 949 4767 .
961 4751 969 4767 .
991 4705 1115 4785 „Athen
1135 4728 1208 4784 war,
1227 4707 1318 4770 selbot
1330 4729 1418 4772 wenn
1432 4709 1486 4770 der
1499 4707 1611 4771 iussere
1623 4706 1806 4770 Wohlstand
1819 4707 1888 4772 her-

310 4805 429 4872 stellbar
454 4825 591 4890 gewasen
618 4808 710 4882 wire,
736 4806 813 4869 doch
834 4807 910 4870 ohne
931 4808 1061 4893 Rettung
1081 4807 1233 4884 verioren,
1257 4808 1327 4871 weil
1349 4808 1397 4870 die
1418 4808 1524 4870 Seelen
1545 4807 1600 4871 der
1618 4809 1733 4894 Birger
1752 4809 1833 4873 nicht
1853 4830 1888 4875 so
1940 4807 1942 4811 ’

313 4906 402 4970 leieht
423 4905 537 4969 wieder
556 4927 622 4969 snm
642 4906 748 4968 innern
767 4906 1006 4971 Wohlbestehen
1026 4909 1154 4974 lonnten
1174 4907 1398 4992 emungamus
1417 4907 1568 4973 werden.'’
