4636 5940
340 292 381 353 r
719 270 759 397 s

1044 384 1103 475 50
1222 394 1257 453 Ι

279 585 472 691 Ιιαὴεὺαη(
484 583 595 656 rebus
614 580 853 682 consiliisque
870 575 1051 681 Philippi,
1075 578 1140 679 qni
1159 576 1271 680 plane
1290 575 1560 680 praedicerent,
1586 576 1861 681 expeditionem

278 714 371 814 regis
396 692 478 784 sihi
494 708 747 783 emolumento
772 707 934 782 futuram
959 729 1037 780 esse
1062 702 1217 802 (Aesch.
1239 703 1267 778 l.
1280 705 1343 800 1.).

1040 937 1127 1006 .11.

418 1088 550 1188 Itaque
578 1084 776 1189 Philippus
811 1082 964 1159 foedere
998 933 1096 1176 tito,
1133 1100 1176 1158 ut
1210 1081 1360 1158 eosdem
1395 1083 1551 1159 haberet
1582 1084 1707 1160 hostes
1740 1046 1864 1190 popu·

278 1216 335 1290 lus
360 1213 655 1302 Atheniensium,
687 1228 954 1286 sacramentum
980 1215 1020 1285 in
1046 1237 1174 1285 manus
1199 1209 1405 1312 legatorum
1430 1207 1548 1302 dedit,
1576 1236 1653 1287 non
1679 1213 1774 1287 urbe
1798 1237 1865 1287 sus

280 1341 428 1445 capitali
445 1337 586 1430 Pellae,
615 1337 679 1412 sed
704 1363 788 1412 cum
807 1341 880 1411 iam
901 1340 1062 1413 exercitu
1081 1341 1121 1410 in
1140 1336 1367 1411 Thessaliam
1385 1336 1604 1429 advenisset,
1631 1335 1772 1430 Pheris,
1802 1363 1864 1415 ees

280 1469 329 1541 oh
356 1490 480 1540 causas
507 1490 596 1567 quas
622 1463 737 1538 modo
763 1461 852 1537 dixi.
901 1460 1070 1565 Regressi
1094 1479 1180 1538 sunt
1203 1463 1315 1565 legati
1338 1462 1503 1538 Athenas
1531 1466 1577 1538 13
1601 1462 1862 1566 Scirophorio·

278 1596 335 1667 nis
349 1596 440 1691 (¹⁹³)
457 1596 537 1688 (11.
553 1589 591 1664 d.
606 1591 735 1689 Iunii).
763 1589 1048 1682 Demosthenes,
1077 1592 1170 1664 sicut
1193 1587 1268 1663 hoc
1293 1614 1390 1663 anno
1413 1606 1492 1664 erat
1512 1606 1672 1682 senator,
1701 1595 1742 1664 in
1763 1595 1863 1665 curia

187 1720 193 1728 '
279 1716 325 1794 ad
355 1734 521 1794 senatum
551 1720 597 1790 11
620 1734 682 1792 aut
709 1717 755 1790 15
779 1715 997 1818 Scirophor.
1028 1714 1075 1791 de
1105 1716 1289 1817 legatione
1320 1714 1484 1791 referens
1514 1720 1647 1808 strasit,
1682 1732 1724 1791 ut
1750 1718 1862 1791 rebus

279 1868 375 1947 quse
399 1859 521 1920 essent
546 1842 705 1918 relicuas
730 1840 981 1945 providerent,
1010 1868 1058 1917 ne
1083 1843 1272 1945 promissis
1296 1841 1419 1917 allecti
1441 1844 1480 1915 in
1501 1839 1698 1917 discrimen
1717 1867 1776 1917 res
1797 1841 1863 1916 da·
1943 1831 1951 1839 ’

279 1987 374 2047 rent.
413 1969 589 2046 Probavit
614 1985 771 2044 sensnm.
810 1967 957 2043 Deinde
984 1971 1029 2043 16
1051 1965 1224 2070 Sciroph.
1248 1972 1381 2043 concio
1403 1966 1572 2042 habetiu.
1612 1966 1720 2043 Tunc
1741 1967 1862 2044 Ther·

279 2095 450 2200 mopylae
480 2100 553 2169 iam
584 2099 623 2170 in
647 2110 830 2199 potestate
855 2092 1021 2199 Philippi
1048 2090 1454 2193 erant.„·llthenienses
1479 2097 1601 2197 primo
1629 2092 1780 2196 quidem
1805 2099 1862 2170 in·

280 2220 431 2325 dignati,
461 2220 562 2323 quod
589 2246 655 2296 rex
680 2220 774 2297 adeo
801 2226 1151 2325 appropinqtmsset,
1167 2245 1263 2295 mox
1286 2236 1408 2295 tamen
1428 2222 1617 2322 promissis
1636 2223 1730 2323 regis
1752 2238 1863 2323 atque

278 2349 611 2452 exspectationibus
638 2374 728 2451 quas
753 2346 955 2423 Aeschines
979 2350 1231 2450 pronuntiarit
1256 2344 1401 2438 auditis,
1430 2370 1563 2448 magno
1589 2343 1723 2448 gaudio
1746 2349 1860 2420 maxi·

278 2500 412 2577 maque
437 2499 502 2576 spe
529 2477 643 2549 erecti
667 2472 979 2565 Demosthenem,
1013 2499 1126 2575 quem
1154 2476 1258 2547 anxie
1284 2488 1498 2547 monentem
1523 2499 1609 2546 cum
1632 2468 1862 2549 Philocrates

277 2600 352 2675 sale
375 2605 481 2701 nigro
508 2599 739 2674 cavillaretur
759 2601 864 2706 (191),
892 2596 1109 2672 deriserunt.
1145 2599 1261 2670 lirant
1278 2623 1367 2672 vero
1388 2622 1483 2698 quae
1506 2614 1548 2671 ut
1570 2597 1764 2672 laetissima
1786 2601 1861 2674 Ae·

278 2724 421 2798 schines
446 2749 486 2797 se
512 2739 722 2825 exspectare
747 2724 991 2797 inconcione
1016 2721 1203 2826 professus
1230 2737 1286 2796 est
1308 2721 1385 2796 fere
1405 2719 1516 2796 haec:
1544 2720 1760 2827 Philippum
1779 2723 1860 2798 bel·

278 2848 356 2925 lum
374 2846 578 2923 Phocicum
599 2846 790 2921 finiturum
811 2872 889 2922 esse
908 2845 1146 2922 incommodo
1167 2846 1446 2940 Thebanorum,
1476 2845 1657 2951 Thespias
1677 2847 1860 2925 Plataeas·

280 3000 353 3080 que
378 2976 424 3049 ab
451 2974 508 3049 his
534 2973 672 3049 dirutas
703 2990 991 3068 exstructurum
1028 2970 1187 3050 eundem
1223 2973 1302 3048 aliis
1336 2974 1447 3048 rebus
1479 2975 1625 3077 populo
1659 2974 1861 3052 Athenien·

277 3105 370 3178 sium
395 3100 619 3175 benevolum
645 3125 683 3174 se
709 3100 974 3202 praebiturum.
1017 3097 1186 3173 Tradidit
1207 3123 1322 3202 porro
1343 3099 1422 3191 illa,
1451 3125 1547 3201 quae
1566 3097 1737 3176 adversus
1757 3101 1859 3178 The-

276 3230 460 3304 banorum
484 3227 623 3330 legatos
645 3223 772 3301 Pellae
797 3224 1016 3328 disputasset
1036 3226 1142 3323 (¹⁹⁵),
1172 3249 1340 3328 quaeque
1361 3223 1586 3302 Cleochares
1607 3226 1859 3304 Chalcidensis

276 3358 475 3446 timuisset3
508 3355 594 3428 talia
620 3351 731 3444 dixit,
766 3377 861 3455 quae
890 3350 1040 3454 quidem
1071 3351 1274 3455 perlectum
1304 3354 1350 3424 iri
1376 3376 1420 3425 ex
1445 3351 1629 3454 legatione
1654 3353 1858 3458 habituque

277 3477 446 3582 Philippi
470 3481 575 3554 hono
601 3482 723 3553 animo
748 3476 899 3580 publice
925 3481 1163 3580 pronuntiare
1189 3493 1336 3581 poterat
1354 3476 1568 3553 Aeschines.
1608 3479 1757 3555 Deinde
1779 3485 1858 3584 epi·

277 3606 384 3700 stola,
422 3633 532 3709 quam
563 3604 759 3707 Philippus
790 3603 917 3707 legatis
950 3601 1122 3705 dederat,
1147 3607 1186 3679 in
1216 3604 1368 3680 ecclesia
1399 3602 1550 3704 publice
1578 3601 1781 3705 legebatur,
1818 3611 1858 3682 in

279 3759 349 3837 qua
384 3737 528 3836 scripsit
561 3758 644 3824 rex,
688 3755 768 3805 sese
806 3723 1071 3806 sacramentum
1105 3734 1144 3805 in
1179 3756 1307 3805 manus
1341 3729 1545 3831 legatorum
1576 3728 1858 3809 Atheniensium

319 3937 390 4020 (¹⁹³)
421 3940 502 4002 Haec
529 3952 560 4001 et
584 3939 736 4022 sequentia
763 3937 883 4022 colligas
910 3958 945 3999 ex
971 3935 1149 3999 orationihus
1175 3937 1212 3998 de
1238 3936 1291 3998 hac
1318 3935 1610 4027 legatione'hebitis,
1644 3937 1730 3999 Deru.
1752 3961 1781 4020 p.
1793 3938 1855 3999 346

277 4059 340 4122 sqq.
361 4036 477 4099 375111.
499 4037 560 4098 409
574 4040 650 4100 med.
678 4038 784 4103 Aesch.
805 4036 882 4120 p.73
895 4058 959 4118 sqq.
982 4036 1019 4097 ci.
1040 4034 1127 4098 Dem.
1150 4038 1187 4099 de
1209 4058 1271 4099 cor.
1292 4034 1389 4119 pest
1403 4057 1446 4117 sq.

318 4151 390 4235 (¹⁹⁸)
421 4154 507 4215 Dent.
528 4178 560 4214 π.
581 4178 705 4241 παραπρ.
727 4178 756 4237 p.
763 4154 824 4216 348
838 4155 915 4216 med.
936 4153 998 4216 355
1012 4154 1061 4215 fin.
1082 4155 1114 4215 Π
1133 4154 1208 4218 Phil.
1230 4178 1259 4238 p.
1267 4151 1306 4215 73
1321 4153 1361 4213 in.

318 4270 389 4355 (¹⁹⁸)
419 4272 506 4334 Dens.
528 4271 623 4346 ll.cc.;
646 4272 682 4334 de
704 4293 774 4354 pace
796 4272 882 4354 p.59.
903 4272 935 4332 Π
953 4271 1029 4333 Phil.
1051 4272 1137 4355 p.73.
1180 4273 1263 4350 Quae
1283 4271 1497 4335 Demosthenes
1517 4270 1656 4333 Aeschini
1676 4273 1854 4357 ignominiae

276 4376 365 4441 vertit
390 4398 421 4434 π.
443 4397 567 4461 παραπρ.
593 4372 756 4456 p.364.18;
770 4372 839 4446 380,
853 4370 923 4434 347.
931 4373 979 4447 25;
993 4372 1064 4435 351.
1102 4373 1179 4436 Vide
1199 4386 1294 4435 lamen
1314 4373 1484 4436 Weiskimn
1504 4370 1543 4430 II.
1565 4371 1650 4454 p.23:
1672 4372 1749 4450 „Sic
1771 4372 1852 4437 The·

276 4475 417 4539 banorum
444 4475 566 4537 decreto
592 4474 752 4556 praemium
778 4471 929 4546 Aeschinis
955 4474 1083 4536 occisori
1108 4472 1290 4556 propositrun
1317 4495 1380 4536 esse
1406 4473 1528 4534 iscusur
1555 4470 1590 4533 ah
1611 4472 1677 4554 ipso
1698 4471 1853 4552 Aeschine,

276 4585 349 4637 teste
370 4575 578 4639 Demosthene.
601 4574 682 4651 Quid
703 4573 809 4658 igitur?
830 4595 866 4634 an
886 4573 1047 4655 putabimus
1067 4573 1219 4635 Aeschinis
1239 4594 1347 4635 nomen
1367 4575 1398 4634 in
1418 4572 1471 4635 illo
1493 4573 1614 4635 decreto
1632 4570 1738 4636 fuisse?
1758 4572 1853 4636 Immo

277 4674 385 4750 inerat,
410 4675 436 4735 si
456 4674 525 4755 qnid
546 4659 658 4751 rideo,
672 4674 876 4736 condemnatio
896 4685 1008 4736 tantm
1030 4694 1146 4750 eorum,
1173 4673 1223 4754 qni
1243 4672 1409 4735 Phocenses
1429 4674 1587 4758 sacrilegos
1607 4672 1752 4746 iuvarent3
1780 4673 1852 4735 illud

277 4783 372 4834 antem
391 4772 448 4835 hoc
469 4777 593 4839 consilio
616 4775 832 4859 praedicabatur
853 4774 888 4836 ab
910 4775 1070 4850 Aeschine,
1096 4784 1129 4835 nt
1147 4794 1204 4855 pro
1225 4774 1260 4836 iis
1281 4773 1357 4858 apud
1377 4771 1568 4838 Macedonem
1588 4774 1785 4837 intercessisse
1806 4775 1851 4836 vi-

277 4872 426 4937 deretur·”
