4636 5940
1210 409 1264 499 12

418 708 422 713 Ι
445 609 523 684 fere
549 611 652 681 annis
677 622 764 708 post
787 608 827 678 in
851 630 975 707 pugna
1000 601 1047 679 ad
1067 603 1294 679 Mantineam
1318 603 1454 679 fortem
1477 627 1519 678 se
1544 607 1654 707 gessit
1675 601 1740 681 01.
1760 608 1846 681 101.
1863 608 1887 680 ‘l
1904 606 2028 708 (300.)

445 737 619 811 vicesimo
632 812 635 819 ,
649 749 754 808 sexto
785 735 912 808 aetatis
942 756 1039 807 anno
1071 747 1268 807 transacto.
1317 731 1362 806 In
1387 732 1543 806 Euboea
1573 728 1707 807 deinde
1734 726 2032 839 expeditionibus

445 860 611 937 interfuit
631 862 721 960 (³⁸);
752 885 907 962 quarum
932 885 1017 934 cum
1043 857 1133 933 duas
1162 874 1246 932 ante
1268 856 1524 933 Timarcheam
1541 861 1756 933 orationem
1783 859 1896 936 lactas
1916 842 2030 939 noie-

446 991 572 1081 rimus,
588 990 737 1090 utrique
749 985 970 1062 Aeschinem
982 985 1189 1072 interfuisse
1203 1000 1362 1060 staurere
1374 983 1475 1078 licet,
1494 986 1600 1061 alteri
1614 983 1678 1062 Ol.
1693 985 1814 1061 105.3
1829 988 1940 1087 (358)
1950 991 2033 1086 (31).

448 1141 524 1218 quo
541 1130 709 1217 tempore
724 1111 920 1216 Philippus
935 1110 1181 1217 Amphipolin
1198 1110 1302 1186 hello
1320 1115 1454 1215 pressit
1471 1112 1558 1211 (11),
1586 1111 1787 1187 Aeschines
1806 1117 2032 1191 tricesimum

447 1246 573 1318 aetatis
603 1268 741 1316 annum
770 1256 993 1333 excesserat3
1029 1238 1135 1315 alteri
1163 1238 1355 1315 Phocione
1378 1235 1483 1314 duce
1515 1239 1632 1314 factae
1659 1236 1723 1315 01.
1746 1242 1829 1318 107.
1852 1266 1886 1315 a.
1907 1245 2030 1344 primo

448 1370 557 1468 (351)
577 1370 662 1466 (11).
703 1369 748 1443 In
775 1393 847 1470 qua
873 1394 958 1443 cum
973 1369 1161 1442 exercitus
1185 1365 1473 1441 Atheniensium¹
1490 1367 1620 1469 iniquo
1646 1365 1734 1441 loco
1759 1367 1920 1445 inclusus
1942 1367 2030 1444 Plu·

448 1495 565 1571 tarchi
583 1496 749 1570 Eretriae
768 1497 915 1598 tyranni
934 1492 1147 1598 proditione
1169 1490 1216 1567 ad
1232 1493 1415 1599 Tamyras
1437 1496 1478 1567 in
1497 1518 1680 1569 summum
1700 1492 1907 1595 periculum
1927 1493 2031 1571 datus

450 1639 562 1697 esset:
595 1625 774 1698 universis
798 1620 1079 1697 Atheniensium
1103 1619 1281 1696 militibus
1306 1619 1504 1695 fortissime
1527 1621 1795 1722 pugnantibus,
1830 1622 2031 1697 Aeschines

449 1752 546 1824 inter
570 1745 733 1824 delectos
757 1751 893 1825 virtute
918 1745 1013 1821 adeo
1041 1746 1225 1840 excelluit,
1258 1762 1301 1822 ut
1330 1772 1409 1822 non
1439 1746 1561 1822 solum
1585 1744 1688 1821 illico
1715 1773 1736 1821 a
1763 1744 1932 1841 ducibus,
1967 1748 2033 1825 sed

450 1891 648 1980 postquam
672 1878 843 1951 nuntium
869 1876 1043 1950 victoriae
1068 1872 1233 1948 Athenas
1259 1873 1393 1966 attulit,
1423 1889 1461 1949 et
1485 1870 1706 1948 Temenides
1730 1874 1847 1948 tribus
1871 1872 2032 1952 Pandio-

449 2000 546 2077 nidis
571 2007 752 2095 centurio,
782 2004 955 2104 quicum
982 2024 1027 2074 eo
1046 2003 1181 2081 ¹missus
1208 2016 1298 2092 erat,
1332 2003 1592 2102 praestantiam
1618 2002 1696 2075 eius
1721 1998 1928 2095 affirmarit,
1962 2005 2031 2076 ite·

450 2156 533 2204 rum
558 2155 579 2205 a
603 2129 750 2232 populo
773 2152 922 2203 corona
937 2126 1183 2203 honoraretur
1209 2126 1295 2226 (11).
1343 2127 1428 2202 Hoc
1457 2127 1647 2231 praeclaro
1664 2127 1838 2204 facinore
1864 2126 2033 2204 militiam

451 2281 553 2330 suam
576 2253 736 2333 finivisse
758 2252 917 2331 ridetur.
959 2254 1049 2330 Erat
1072 2271 1162 2332 tunc
1187 2256 1334 2358 triginta
1360 2270 1502 2357 septem
1523 2271 1788 2331 annosnatus.

1194 2428 1312 2585 sss

593 2634 780 2737 Tempore
803 2636 1012 2736 insequenti
1037 2631 1187 2706 demum
1211 2656 1365 2706 uxorem
1390 2630 1536 2705 duxisse
1559 2629 1718 2723 ridetur,
1746 2636 1777 2705 si
1803 2630 1953 2733 quidem
1979 2650 2032 2707 at·

451 2760 603 2837 tendere
627 2760 715 2834 licet
736 2756 774 2831 id
801 2756 903 2859 quod
924 2757 1122 2832 Aeschines
1146 2755 1259 2831 falsae
1284 2755 1475 2859 legationis
1501 2782 1585 2832 reus
1610 2782 1670 2832 an.
1686 2757 1762 2831 313
1788 2755 1926 2833 liberos
1947 2783 2033 2834 suos

452 2905 525 2964 tres
556 2886 644 2961 dicit
672 2879 768 2958 couri
795 2877 851 2972 μὲν
876 2875 921 2956 τὰ
945 2877 1046 2990 μικρὰ
1072 2876 1202 2965 rotho,
1236 2876 1292 2954 nui
1317 2875 1393 2958 ruis
1418 2874 1577 2959 sardicese
1604 2875 1693 2958 οὔπω
1719 2876 1883 2968 συνιέντα,
1915 2879 2035 2958 ἐλεεινὰ

453 3216 533 3301 quod
558 3214 752 3276 Schneiderus
779 3225 882 3294 quarto
908 3212 970 3275 sere
997 3224 1062 3274 aute
1088 3213 1317 3275 Mantineensem
1343 3233 1468 3297 pugnam
1495 3232 1572 3276 anno
1594 3215 1702 3296 posuit,
1726 3210 1833 3275 rectius
1854 3212 1975 3276 sortasse
1997 3213 2034 3275 ad

452 3316 567 3400 Ephori
587 3315 754 3377 vicesimum
775 3325 906 3395 quarmm
927 3312 1033 3373 librum
1054 3312 1165 3375 referre
1185 3312 1240 3374 tibi
1262 3314 1389 3374 videare.
1420 3312 1683 3376 Venuueuimvero
1704 3313 1802 3395 potuit
1818 3312 1954 3396 Ephorus
1974 3313 2034 3392 illa,

454 3439 527 3500 quae
548 3430 610 3478 acta
630 3427 696 3476 sunt
716 3427 780 3475 ante
800 3414 1029 3474 Mantineensem
1051 3434 1175 3495 pugnarn
1195 3412 1231 3472 ab
1254 3425 1383 3473 extremo
1405 3409 1468 3472 sere
1489 3412 1629 3474 vicesimo
1650 3416 1739 3475 tertio
1766 3414 1844 3475 libro
1866 3434 1920 3496 per
1940 3425 2035 3476 totum

448 3502 632 3602 sequentem,
658 3514 779 3576 fortasse
807 3514 893 3575 etiam
919 3510 956 3572 ad
980 3512 1096 3572 initium
1122 3508 1190 3571 libri
1217 3511 1310 3592 quinti
1337 3510 1497 3572 deducere:
1525 3521 1655 3611 quanam
1676 3511 1744 3572 dico
1765 3513 1982 3592 Epaminondae
2004 3515 2034 3573 iu

453 3617 719 3702 Peloponnesum
709 3615 897 3690 invasionem,
918 3610 1139 3689 sterneham,
1161 3631 1233 3693 quae
1254 3608 1366 3673 duobus
1386 3606 1540 3672 Arcadum
1553 3623 1584 3672 et
1596 3608 1737 3672 Eleorum
1758 3609 1830 3672 helii
1850 3611 1930 3671 annis
1944 3631 2035 3692 psuca

454 3717 685 3784 continebantur
716 3716 842 3778 Ratione
862 3713 962 3776 hanam
983 3713 1111 3776 omnium
1132 3732 1230 3775 rerum
1250 3711 1347 3773 habita
1367 3710 1519 3793 adipsum
1540 3709 1746 3792 illudtempus
1766 3709 1940 3771 011032
1963 3731 2032 3792 per-

454 3822 556 3883 venire
575 3818 647 3880 mihi
667 3818 780 3880 videor

496 3935 553 4019 (se)
584 3935 690 3998 Aesch.
711 3937 769 3998 l..c
790 3927 839 3996 nei
830 3931 914 4000 recle
933 3934 973 4000 eir
992 3924 1123 4016 Εὔβοιαν
1144 3925 1293 4018 στρατείας
1312 3922 1552 4019 ἐστρατευσάμην.

496 4052 553 4137 (³0)
584 4052 675 4114 naa.
696 4051 812 4114 xvrr.
832 4053 920 4116 uem.
941 4074 968 4117 ι.
988 4034 1114 4113 anate
1135 4047 1243 4133 psas.
1264 4031 1369 4114 aues.
1391 4046 1610 4133 arescens.
1631 4048 1776 4133 puts.

496 4169 553 4254 (⁴⁰)
583 4172 670 4235 uem.
692 4169 813 4252 otynu.
834 4170 859 4230 ι
879 4172 966 4252 p.11.
997 4155 1000 4160 ’

497 4289 554 4373 (11)
586 4290 702 4371 Sequor
715 4286 915 4364 seeteckium,
930 4288 981 4369 qui
994 4289 1025 4348 in
1038 4289 1131 4350 annal.
1145 4288 1220 4359 stud.
1234 4289 1323 4369 antiq.
1337 4307 1363 4348 e.
1374 4286 1455 4350 1838
1470 4287 1501 4348 ἰιι
1515 4287 1761 4373 commentatione
1775 4285 1876 4348 critica
1884 4287 1928 4362 de
1943 4288 2035 4370 prims

456 4405 530 4457 orat
543 4390 670 4472 Philipp.
692 4388 762 4469 (cfr.
776 4410 854 4449 num.
868 4388 977 4451 39-42
999 4412 1057 4470 quo
1079 4410 1154 4452 anuo
1175 4402 1265 4461 naurs,
1277 4389 1315 4451 sit
1327 4387 1555 4468 Demosthenes)
1577 4386 1667 4462 evicit
1679 4384 1755 4447 hunc
1770 4406 1883 4463 anuum.
1904 4388 2033 4452 Boeckh.

457 4493 573 4557 oecon:
586 4490 654 4554 Ath.
669 4490 709 4551 ΙΙ.
722 4512 753 4573 p.
759 4490 829 4552 109.
843 4489 949 4553 usos.
972 4490 1098 4553 Weiske
1119 4489 1290 4553 ttulit
1305 4499 1337 4552 et
1348 4487 1400 4550 35.
1421 4487 1547 4552 Goeller
1561 4486 1683 4570 proleg.
1712 4488 1831 4576 (progr.
1846 4489 1927 4571 Sept
1943 4509 2033 4549 mens

457 4614 484 4654 a.
504 4592 586 4653 1822
608 4590 731 4673 colon.)
756 4589 833 4673 p.17
859 4611 936 4653 auno
961 4591 1117 4654 voluerunt
1142 4603 1245 4672 quarto
1267 4589 1390 4652 ottus
1416 4589 1453 4649 ad
1473 4589 1617 4672 Tamynai
1637 4598 1794 4672 pugnatum
1812 4609 1887 4655 esse.
1909 4619 1951 4635 -·
1979 4586 2033 4648 cir.

456 4693 545 4757 etiem
564 4691 714 4772 Droysen.
735 4680 820 4755 Uber
840 4691 889 4754 dic
909 4677 1049 4753 Achtbeit
1069 4693 1123 4756 der
1142 4690 1333 4753 Urkunden
1323 4712 1355 4752 ιιι
1375 4689 1461 4752 nem.
1480 4689 1565 4752 Eede
1585 4709 1654 4751 rom
1674 4687 1779 4752 Κιιιιιι.
1802 4688 1901 4770 p.160
1914 4709 1957 4768 sq.

470 4805 557 4889 (·11)
586 4805 693 4869 Aesch
714 4809 816 4890 p.51
805 4812 870 4873 mit.
891 4812 1040 4874 decretum
1061 4810 1098 4873 de
1119 4809 1198 4874 hisce
1218 4808 1305 4873 rebus
1326 4807 1386 4948 legi
1406 4805 1498 4885 iubet,
1524 4818 1556 4870 et
1575 4806 1756 4920 Phocionem
1776 4806 1984 4887 imperatorem
2004 4817 2035 4866 et

454 4907 670 4976 commilitones
689 4919 779 4973 testes
798 4925 1022 4992 provocet.
1272 4942 1276 4950 =
1671 4940 1675 4947 .
2027 4945 2030 4952 ,
