4636 5940
1354 376 1384 467 8

578 574 734 677 probrat
759 567 952 646 maledicta
978 594 1023 645 ex
1047 572 1156 647 trivio
1183 572 1361 674 arripiens
1385 572 1471 670 (2¹).
1516 569 1731 649 Rectissime
1759 599 1905 666 mones,
1941 580 1992 651 mi
2016 576 2156 656 Demo·

579 699 745 789 sthenes3
779 697 981 774 Aeschines
1011 722 1147 802 nempe
1178 695 1224 772 ad
1256 701 1394 772 maiora
1419 697 1646 802 melioraque
1675 698 1813 802 agenda
1839 718 1944 778 natus
1970 721 2061 780 erat.
2101 708 2159 782 Ac

577 827 665 901 licet
689 827 836 899 nonnisi
861 826 985 900 tertias
1013 827 1145 925 egerit,
1174 839 1317 916 tamen,
1351 840 1609 928 praeterquam
1636 824 1738 929 quod
1767 826 1854 903 inde
1880 828 2039 906 hahebat
2064 856 2157 935 quse

580 951 625 1026 ad
652 950 849 1028 vivendum
875 966 960 1025 sunt
985 953 1187 1026 necessaria
1213 952 1298 1049 (²²),
1335 977 1419 1026 cum
1443 968 1573 1055 postea
1599 969 1724 1028 orator
1749 954 1918 1056 publicas
1943 981 2001 1032 res
2026 973 2157 1035 nacta·

577 1080 660 1170 bat,
694 1082 871 1152 maximae
896 1075 1044 1151 utilitati
1071 1080 1105 1153 ei
1131 1094 1208 1152 erat
1241 1074 1421 1180 quidquid
1454 1074 1541 1153 inde
1572 1078 1642 1153 sibi
1673 1097 1863 1184 paraverat
1870 1138 1881 1173 ,
1915 1098 2030 1158 artem
2056 1087 2158 1161 vocis

577 1204 793 1296 flectendas,
823 1229 934 1280 sonos
959 1220 1038 1278 tum
1063 1201 1280 1279 intendendi
1305 1220 1384 1278 tum
1409 1202 1634 1297 remittendi,
1668 1208 1756 1281 item
1783 1210 1967 1309 egregium
1992 1208 2158 1284 habitum

579 1335 760 1432 corporis,
794 1328 1085 1407 moderationem
1110 1333 1212 1406 vocis
1244 1346 1282 1405 et
1311 1333 1478 1434 corporis
1511 1328 1556 1405 ad
1587 1357 1711 1407 rerum
1735 1334 2008 1437 verborumque
2038 1333 2157 1438 digni·

465 1533 469 1542 ,
576 1472 690 1531 tatem
713 1460 952 1559 aptissimam:
983 1482 1073 1559 quas
1099 1459 1195 1561 ipsas
1222 1461 1399 1532 oratorias
1421 1461 1573 1533 virtutes
1597 1456 1772 1533 Aeschini
1796 1458 1921 1551 fuisse,
1949 1464 2158 1564 saepissime

539 1668 544 1677 ,
578 1586 750 1658 suamab
777 1582 849 1658 illis
875 1586 1039 1685 inopiam
1063 1599 1199 1660 testans
1226 1582 1424 1661 confitetur
1453 1587 1561 1659 nimis
1590 1582 1790 1661 invidiosus
1817 1583 2041 1665 adversarius
2067 1589 2153 1688 (²³).

1211 1845 1213 1848 ν
1318 1819 1413 1918 §.a

718 1967 850 2043 Postea
882 1971 992 2069 igitur
1024 1966 1172 2043 demum
1207 1992 1317 2070 quam
1348 1970 1466 2072 prima
1498 1965 1678 2072 stipendia
1711 1968 1816 2060 fecit,
1851 1969 1991 2043 scribae
2023 1993 2156 2044 munus

577 2096 729 2168 subiisse
754 2092 911 2185 videtur,
947 2093 1050 2196 quod
1076 2093 1348 2170 Demosthenes
1377 2093 1514 2169 factum
1545 2119 1622 2169 esse
1654 2111 1919 2170 commemorat
1943 2093 2044 2168 illico
2069 2111 2158 2197 post

576 2218 860 2322 adscriptionem
886 2222 963 2293 eius
989 2223 1085 2294 inter
1112 2221 1221 2312 cives.
1251 2219 1320 2295 hos
1344 2219 1495 2295 militiae
1521 2245 1637 2295 annos
1661 2223 1968 2323 praetermittens.
2013 2219 2155 2296 Demo·

575 2344 721 2421 sthenes
740 2370 849 2447 saepe
869 2346 1075 2447 opprobrio
1092 2349 1216 2439 vertit,
1244 2346 1309 2421 tali
1334 2369 1485 2421 munere
1505 2344 1674 2421 functum
1693 2370 1772 2422 esse
1791 2346 1875 2444 (²⁴).
1911 2344 2089 2451 Princeps
2108 2343 2156 2423 de

573 2472 648 2546 hoc
674 2473 778 2546 locus
805 2489 859 2545 est
883 2467 955 2578 περὶ
973 2460 1192 2579 τοροτρεοβ.
1216 2499 1256 2574 p.
1269 2473 1363 2546 419:
1392 2464 1744 2579 compensaverimus
1767 2466 1801 2545 A
1826 2466 1911 2546 οὗτοι
1935 2471 2154 2570 (Aeschines

575 2613 612 2672 et
637 2597 766 2694 frater)
794 2593 849 2668 aci
872 2594 1101 2702 ὑτηρετοῦντες
1126 2586 1275 2670 ἁπάσαις
1301 2598 1373 2670 ταῖς
1402 2597 1526 2701 ἀρχαῖς
1551 2589 1700 2702 ἀργύριον
1731 2587 1925 2692 εἰλήφεσαν,
1957 2592 2013 2668 καὶ
2037 2593 2074 2668 τὸ
2100 2623 2153 2668 τε-

575 2727 720 2795 λευταῖον
751 2740 798 2816 υφ
838 2720 928 2809 υμῶν
953 2722 1160 2828 γραμματεῖς
1189 2711 1475 2827 χειροτονηθέντες
1505 2709 1557 2792 di’
1585 2711 1639 2805 ἔτη
1671 2711 1891 2828 &reptionem
1921 2720 1953 2792 ἐν
1982 2720 2021 2816 τῇ
2046 2711 2154 2814 &dhon

576 2864 613 2925 et
634 2844 725 2922 ibid.
745 2874 785 2949 p.
798 2848 891 2921 dd‘l:
922 2842 977 2919 sai
1000 2837 1067 2955 γὰρ
1093 2834 1137 2919 αὖ
1159 2846 1255 2919 τοῦτο
1276 2890 1318 2907 -
1340 2836 1503 2935 ὠμολὸγει
1522 2838 1852 2954 γεγραμματευκέναι
1878 2841 1933 2918 καὶ
1956 2837 2056 2955 χάριν
2080 2848 2154 2936 ὑμῖν

574 2968 665 3069 ἔχειν
691 2974 748 3047 τοῦ
773 2969 1052 3081 χειροτονηθῆναι
1096 2971 1314 3048 Persuasum
1345 2973 1453 3047 nobis
1484 2995 1561 3047 esse
1591 2971 1697 3065 licet,
1733 2971 2024 3047 Demosthenem
2053 2971 2154 3050 haud

573 3106 727 3177 nimium
758 3098 911 3174 honoris
942 3098 1119 3174 Aeschini
1150 3100 1334 3174 tribuisse.
1384 3093 1573 3171 Addamus
1604 3099 1802 3200 scriptores
1834 3100 1949 3174 vitae:
1987 3096 2153 3176 Pseudo·

572 3227 673 3303 Plut.
697 3230 753 3326 (et
772 3225 884 3301 Phot.
911 3224 996 3301 cod.
1013 3226 1142 3324 soto:
1172 3225 1215 3303 cis
1240 3217 1273 3296 di
1297 3235 1385 3314 Δημ.
1412 3218 1525 3321 φησὶν,
1556 3215 1862 3330 ὑπογραμματεύων
1890 3251 1967 3298 νοτ.
1981 3235 2013 3297 λ.
2039 3223 2151 3300 Phot.

575 3353 659 3430 cod.
677 3357 746 3427 61:
779 3342 1009 3458 ἐγραμμάτευε
1039 3351 1079 3447 τῇ
1109 3339 1228 3446 βουλῇ.
1265 3349 1491 3453 Apollonius
1519 3347 1634 3422 hahet
1658 3346 1783 3423 locum
1808 3346 1919 3425 Dcm.
1946 3356 2027 3444 cit.;
2063 3339 2152 3427 ano·

574 3506 725 3584 nymum
744 3482 839 3554 vitae
860 3481 1077 3581 scriptorem
1097 3475 1219 3550 solum
1237 3477 1442 3550 invenimus
1462 3487 1612 3548 testem:
1634 3462 1711 3545 ivea
1730 3465 1763 3544 ci
1781 3466 2022 3580 λαμτρόφιινον
2041 3468 2152 3584 epafr-

572 3608 738 3700 ματεῦσαι
766 3602 1001 3712 Ἀριστοφῶντι
1033 3596 1088 3674 καὶ
1119 3595 1206 3692 μετὰ
1237 3593 1349 3675 τοῦτον
1380 3588 1564 3693 Εὐβούλῳ,
1604 3601 1669 3701 qui
1698 3592 1956 3673 verosimiliter
1987 3623 2033 3673 ex
2064 3600 2152 3676 loco

557 3898 644 3960 matis
665 3895 822 3970 detrectat,
842 3890 1047 3978 liemosthenis
1067 3888 1165 3953 verbis
1185 3889 1303 3965 ductus,
1324 3887 1372 3949 hie
1393 3886 1480 3948 etiarn
1500 3885 1576 3958 hunc
1596 3897 1711 3948 secutus
1723 3898 1783 3962 est,
1804 3883 1979 3948 Aeschinem
1992 3883 2150 3948 scribarum

572 3993 737 4056 muneribus
758 4004 824 4053 ante
845 3991 974 4052 hnctum
995 4012 1057 4054 esse
1078 4008 1164 4072 quam
1183 3987 1333 4051 hemonis
1357 3999 1452 4070 partes
1472 3985 1641 4068 susceperit.

614 4108 672 4190 (¹¹)
703 4110 789 4171 Dem.
812 4109 831 4168 Ι.
844 4128 869 4168 c.
890 4108 952 4169 229
962 4129 1026 4189 sqq.
1042 4107 1114 4174 270.
1126 4105 1197 4170 288.
1228 4130 1353 4194 παρατρ.
1374 4104 1445 4168 400.
1456 4104 1527 4167 418.
1558 4103 1704 4186 Harpocr.
1725 4126 1748 4165 ε.
1759 4125 1787 4165 v.
1806 4093 1996 4189 Ἴσχανδρον
2016 4099 2150 4190 τραγικὸς

571 4207 721 4298 ὑποκριτὴς
741 4210 755 4269 ὅ
772 4199 948 4295 Ἰοχοινδρὸς
967 4206 1036 4268 ἔστι.
1057 4204 1137 4268 δοκεῖ
1153 4203 1185 4268 δ’
1206 4203 1286 4286 αὔτρῖ
1305 4196 1567 4294 ουνυττονιρινὸμονοε
1587 4196 1728 4284 Αἰσχίνης
1749 4203 1762 4264 ὅ
1782 4196 1870 4290 ῥητωρ
1890 4201 1919 4264 ἓν
1939 4207 2079 4283 Κολλυτῷ
2095 4227 2149 4264 ιιοι·

571 4316 714 4381 ταπεσεῖν,
734 4301 821 4370 καθά
843 4321 914 4388 φησι
930 4301 1106 4394 Δημοχάρης
1125 4307 1154 4367 ἕν
1173 4310 1231 4372 τοῖς
1250 4299 1410 4388 Διαλὸγοιε.

614 4428 671 4511 (²²)
703 4453 730 4492 v.
752 4427 880 4491 Boeckh.
903 4427 1018 4490 Oeccu.
1039 4424 1146 4488 Athen.
1167 4425 1192 4487 I.
1213 4425 1324 4509 pass:
1350 4423 1435 4488 Aueh
1455 4422 1588 4508 gemeim
1609 4420 1853 4486 herumaieheude
1873 4421 2077 4506 Schauspieier

573 4533 672 4594 hatten
691 4531 737 4591 ihr
757 4543 840 4614 guter
860 4526 1063 4591 Auskommen

614 4646 671 4728 (²³)
702 4672 733 4708 τ.
754 4673 878 4735 παρατρ.
899 4645 1005 4731 ρ.422;
1026 4644 1167 4728 imprimis
1187 4643 1339 4729 p.449sq·
1360 4642 1546 4707 clarissimam
1558 4663 1664 4707 rocem
1684 4641 1791 4725 ptos.
1805 4640 1912 4724 ptos.
1933 4641 1972 4706 ci.
1986 4632 2047 4727 περὶ
2061 4655 2146 4718 resp.
2277 4738 2279 4742 ρ

594 4748 679 4811 .313.
722 4747 805 4809 .329.

572 4772 592 4832 p
614 4863 672 4948 (¹⁴)
700 4770 733 4926 ir.
754 4889 877 4951 παρατρ.
899 4864 1006 4948 p.371;
1019 4863 1090 4943 4153
1103 4863 1174 4940 4193
1188 4861 1259 4926 442.
1280 4886 1311 4924 τ.
1332 4875 1419 4944 oreo.
1439 4860 1547 4946 p.314,
1560 4860 1630 4937 3153
1644 4859 1714 4935 297;
1727 4861 1798 4924 268.
