4636 5940
1159 408 1188 498 9

379 606 645 685 Demosthenis
677 604 771 679 male
801 618 997 707 perspecto
1029 601 1123 677 illud
1154 606 1279 705 posuit
1308 606 1393 703 (²⁵).
1442 603 1642 708 Nunquam
1674 621 1797 680 tamen
1821 604 1963 682 Demo·

379 734 527 812 sthenes
555 734 675 837 planis
700 731 822 807 verbis
849 728 958 822 dixit,
986 729 1265 832 Aristophontis
1292 756 1375 805 eum
1402 729 1513 806 fuisse
1539 732 1697 807 scribam
1722 732 1783 809 vel
1808 733 1961 827 Eubuli,

382 886 494 965 quam
518 887 596 936 rem
624 873 664 933 ut
690 855 996 932 commemoraret
1022 856 1179 932 multum
1207 859 1283 931 eius
1308 860 1484 932 interesse
1510 860 1719 962 oportebat.
1763 858 1965 936 Aeschines

380 992 491 1092 igitur
521 1010 598 1061 non
629 988 792 1088 privatus
823 984 942 1058 scriba
972 983 1055 1058 fuit.
1104 981 1179 1058 Sed
1212 1009 1296 1057 cum
1327 985 1385 1058 bis
1412 983 1571 1059 eundem
1597 981 1716 1059 eidem
1740 989 1965 1088 magistratui

381 1117 536 1191 scribam
555 1136 633 1187 esse
652 1117 805 1189 vetitum
819 1126 913 1185 esset
926 1111 1013 1208 (²⁶),
1037 1108 1134 1211 apud
1157 1106 1320 1186 diversos
1340 1113 1566 1213 magistratus
1586 1110 1770 1187 inferioris
1790 1112 1865 1188 loci
1883 1140 1962 1189 mu·

379 1265 467 1315 nere
492 1240 633 1314 scribae
659 1263 728 1341 per
751 1235 914 1340 singulos
941 1261 1058 1311 annos
1082 1236 1237 1338 fungens
1258 1235 1339 1311 fieri
1360 1241 1484 1341 potuit
1502 1252 1545 1312 ut
1564 1240 1666 1340 prius
1686 1239 1960 1342 Aristophonti,

379 1364 514 1441 deinde
545 1364 696 1439 Eubulo
731 1360 792 1462 (ad
827 1388 938 1466 quem
968 1360 1144 1472 θεωρικοῖς
1174 1360 1427 1466 dispensandis
1456 1363 1698 1468 praefectum,
1735 1368 1892 1441 maxima
1917 1367 1963 1442 ab

377 1491 666 1568 Atheniensibus
702 1493 742 1565 in
773 1515 820 1565 eo
858 1489 1039 1566 collocata
1062 1488 1226 1582 fiducia,
1268 1516 1408 1566 summa
1446 1490 1671 1593 reipublicae
1709 1490 1963 1569 administran-

379 1617 448 1693 dae
475 1616 594 1694 delata
621 1622 715 1717 erat)
744 1618 814 1716 (²⁷)
848 1619 924 1693 sive
955 1643 976 1691 a
1009 1617 1155 1720 populo
1189 1614 1380 1692 adiunctus
1412 1620 1487 1693 sive
1521 1617 1568 1690 ab
1602 1621 1685 1720 ipso
1715 1618 1866 1694 Eubulo
1897 1616 1962 1695 ad-

378 1761 544 1848 sumptus
568 1744 801 1820 utilissimum
826 1771 869 1819 ac
893 1747 1155 1849 peritissimum
1176 1746 1385 1848 operarium
1405 1741 1499 1819 adeo
1520 1769 1559 1819 se
1578 1746 1786 1846 praeberet,
1814 1761 1857 1820 ut
1875 1769 1960 1849 per·

377 1888 493 1975 petuo
520 1897 605 1948 eum
630 1869 718 1946 inde
744 1874 922 1947 amicitiae
948 1871 1099 1948 vinculo
1125 1870 1196 1945 sibi
1223 1872 1394 1945 muniret.
1439 1867 1587 1945 Deinde
1613 1874 1722 1945 etiam
1747 1865 1964 1978 γρομμοτεὲι

376 1999 433 2086 τῆς
458 1990 584 2076 πόλεως
609 2001 685 2074 sive
710 1998 770 2086 τῆς
792 1986 921 2084 βουλῆς
948 1993 1004 2072 καὶ
1028 1998 1086 2071 τοῦ
1111 1988 1212 2089 δήμου
1240 1996 1419 2099 suffragiis
1447 1995 1581 2101 populi
1607 2013 1748 2073 creatus
1773 2023 1843 2102 per
1867 1995 1962 2075 duos

377 2152 494 2201 annos
519 2129 559 2201 in
583 2141 763 2230 prytaneo
790 2126 862 2223 (²⁸)
888 2125 1047 2227 publicis
1073 2124 1240 2200 alebatur
1264 2124 1491 2229 sumptibus3
1525 2125 1629 2200 cuius
1656 2141 1734 2201 erat
1759 2141 1836 2200 acta
1863 2124 1980 2202 lissa·

376 2278 480 2328 rasvc
506 2251 673 2357 publicas
699 2250 844 2353 populo
871 2255 1087 2353 senatuique
1111 2255 1265 2326 recitare
1292 2253 1377 2349 (²⁹).
1427 2251 1472 2326 In
1499 2276 1575 2352 quo
1600 2276 1751 2326 munere
1776 2254 1962 2354 aptissime

376 2383 431 2453 uti
456 2380 579 2480 potuit
603 2379 726 2452 sonitu
751 2378 852 2451 vocis
874 2372 993 2450 dulcis
1013 2393 1050 2450 et
1071 2375 1190 2450 clarae
1204 2378 1290 2472 (³⁰),
1317 2399 1428 2475 quam
1445 2400 1466 2446 a
1486 2389 1615 2447 natura
1635 2393 1822 2476 acceptam
1840 2379 1959 2451 sceni-

378 2531 441 2580 cus
461 2501 596 2578 deinde
615 2501 824 2577 excoluerat
840 2517 956 2577 actor.
987 2498 1140 2577 Accedit
1158 2498 1260 2602 quod
1274 2525 1295 2575 e
1309 2497 1460 2575 diversis
1474 2501 1628 2600 negotiis
1642 2501 1842 2575 scribarum
1858 2526 1962 2577 suam

376 2632 464 2707 fecit
490 2656 655 2733 magnam
679 2633 719 2703 in
743 2627 878 2705 tabulis
904 2627 1065 2731 publicis
1091 2628 1403 2716 exercitationem,
1430 2640 1635 2700 accuratam
1661 2625 1784 2728 legum
1808 2624 1961 2703 iudicia·

376 2758 468 2834 lium
495 2761 744 2860 cognitionem
771 2772 807 2831 et
829 2759 942 2832 totius
967 2757 1007 2829 in
1032 2755 1143 2830 rebus
1167 2753 1376 2829 forensibus
1401 2753 1586 2827 institutae
1614 2755 1778 2827 rationis.

417 3005 474 3087 (⁹⁶)
505 2999 566 3094 napi
588 3021 673 3086 στεφ.
694 3006 800 3090 p.281:
822 3004 886 3067 ἀλλ’
909 3001 989 3069 εἰδὼς
1008 3004 1222 3089 Ἀριστοφῶντα
1242 2996 1290 3063 καὶ
1311 2995 1399 3063 πάλιν
1418 2992 1571 3070 Εὔβουλον
1591 2994 1686 3061 πάντα
1707 2999 1754 3062 τᾶν
1768 2997 1873 3089 γρὸνον
1886 2998 1961 3074 βον-

375 3102 506 3179 λομένους
527 3105 637 3194 πρᾶξαι
658 3104 763 3176 ταύτην
783 3102 833 3174 τὴν
854 3099 952 3180 φιλίαν
973 3105 1053 3179 (eum
1075 3100 1238 3177 Thebanis)
1259 3143 1331 3175 ...‚
1352 3091 1401 3163 ads
1422 3097 1460 3159 ed
1482 3098 1591 3172 ζῶντας
1610 3091 1669 3169 μὲν,
1691 3093 1852 3171 ainfredus,
1872 3113 1961 3164 ιιολοι.

374 3203 464 3269 nedum
485 3199 722 3291 παρηκολούθεις.

417 3321 474 3402 ('⁶)
505 3320 606 3401 Lysias
627 3318 691 3378 adv.
712 3315 828 3377 Nicom.
849 3313 946 3399 pest
961 3313 1049 3376 infra:
1076 3312 1350 3399 ὑπογραμματεῦσαι
1378 3311 1430 3373 οὐκ
1456 3306 1552 3398 ἔξεστι
1580 3307 1624 3380 δὶς
1644 3311 1692 3375 τὸν
1716 3312 1803 3376 οιυέδν
1823 3322 1860 3398 τῇ
1878 3317 1962 3407 ἀρχῇ

376 3425 411 3499 τῇ
432 3417 513 3498 αὐτῇ.
535 3417 601 3479 vide
622 3415 750 3478 Boeckh.
773 3415 889 3477 Oec'on.
912 3415 967 3476 civ.
989 3413 1058 3476 Ath.
1080 3414 1104 3474 I.
1125 3414 1233 3496 p.203.

419 3533 475 3616 (⁹⁷)
507 3534 613 3596 Aesch.
635 3535 699 3596 adv.
722 3531 853 3617 Ctesiph.
874 3531 1019 3615 ustae.
1040 3532 1108 3595 vide
1128 3532 1258 3595 Boeckh.
1280 3532 1395 3596 Oecon.
1416 3534 1441 3594 t
1463 3532 1570 3617 p.197.

383 3636 386 3643 Ι
416 3650 473 3732 (²⁸)
505 3652 533 3713 iv
554 3656 589 3733 τῇ
608 3644 692 3732 θέλγε
713 3652 800 3715 Dent.
815 3651 835 3714 l.
847 3652 866 3714 l.
888 3651 1032 3735 Harpocr.
1047 3674 1070 3714 s.
1081 3675 1109 3712 v.
1123 3643 1229 3717 &fave-
1252 3651 1266 3712 ὅ
1288 3644 1375 3717 εέπος
1394 3645 1471 3713 ἔνθα
1491 3647 1633 3714 ἐδείπνουν
1654 3657 1678 3715 οἱ
1699 3649 1850 3743 πρυτάνεις
1870 3653 1958 3727 οὕτως

374 3753 499 3814 ἐκαλεῖτο
520 3752 585 3839 παρ’
605 3746 780 3826 Ἀθηναιόιςι
1861 3838 1866 3844 .

416 3869 474 3952 (⁹⁹)
505 3873 591 3933 Dem.
619 3895 650 3931 π.
677 3894 803 3956 παραπρ.
829 3892 859 3952 p.
871 3869 947 3932 363:
979 3863 1242 3956 ὑπογραμματεύων
1268 3867 1327 3957 γὰρ
1354 3871 1417 3942 ὑμῖν
1441 3864 1490 3932 uui
1518 3870 1659 3958 ὑπηρετῶν
1686 3877 1721 3953 τῇ
1747 3868 1847 3955 βουλῇ
1869 3874 1958 3945 αὐτὸς

375 3971 510 4051 (dasch.)
532 3968 663 4054 ἐξηγεῖτο
684 3968 731 4030 τᾶν
752 3963 833 4040 νὸιεον
853 3974 951 4030 τοῦτον
971 3975 1012 4049 τῷ
1031 3962 1138 4056 κήρυκι.
1160 3972 1198 4034 cf.
1212 3973 1299 4035 Dem.
1320 3972 1350 4033 ll.
1362 3992 1406 4032 cc.
1449 3971 1533 4047 Quae
1554 3973 1644 4035 verba
1664 3974 1812 4053 evincunt,
1832 3974 1956 4043 meti·

374 4093 441 4135 nem
462 4072 591 4134 functmn
610 4071 691 4135 tertii
712 4069 789 4133 iliius
809 4069 921 4132 scribae
942 4090 1061 4132 munere
1082 4090 1128 4153 ap.
1149 4070 1272 4135 Poilue:
1294 4071 1308 4133 ὅ
1331 4063 1362 4132 δὲ
1382 4067 1437 4132 ὑπὸ
1458 4076 1511 4133 τοῦ
1529 4066 1618 4146 δήμου
1633 4067 1760 4162 αἱρεθεὶς
1774 4075 1957 4164 few&

375 4163 562 4252 ἀναγινώσκει
590 4177 631 4253 τῷ
657 4163 734 4250 δήμῳ
761 4163 809 4230 nai
834 4175 870 4250 τῇ
892 4165 998 4251 βουλῇ.
1025 4183 1057 4233 et
1080 4172 1169 4233 Beki
1190 4172 1291 4235 anecd.
1318 4173 1429 4255 p.185:
1458 4172 1642 4260 γραμματεὺς
1662 4176 1677 4235 ὅ
1698 4170 1902 4258 ἀναγινώσκων
1921 4183 1958 4260 η’(

375 4264 472 4349 βουλῇ
490 4265 538 4333 καὶ
559 4278 600 4353 τῷ
621 4266 698 4352 δήμῳ
719 4267 757 4332 τὰ
777 4263 1002 4358 τεροςτεεαγμῖνοι
1021 4268 1098 4332 nard
1118 4264 1242 4358 γγᾶνους
1261 4265 1433 4347 ἠλλάσσετο.
1455 4274 1492 4336 cf.
1514 4275 1600 4338 Dem.
1621 4276 1653 4336 in
1672 4278 1759 4361 Lept.
1781 4278 1887 4361 pith.
1907 4277 1958 4341 An

375 4370 496 4432 sortasse
518 4373 603 4434 etiam
625 4395 662 4437 eo
684 4392 803 4435 munere
825 4371 937 4434 functam
959 4383 1012 4450 est,
1033 4373 1113 4454 quod
1134 4374 1264 4454 sequitur
1285 4393 1331 4455 ap.
1351 4374 1440 4436 Bekk
1462 4375 1513 4436 tt
1540 4375 1554 4436 ὅ
1584 4366 1615 4437 δὲ
1642 4370 1898 4464 καταγραφέμινοτ
1916 4372 1956 4439 τοὶ

376 4472 404 4531 ἰν
429 4474 464 4550 τῇ
488 4464 586 4549 βουλῇ
610 4465 748 4550 γενομενοι
772 4469 967 4560 οἷντιγροιφεῦς
991 4465 1115 4553 ἕλε’γετο,
1140 4473 1171 4533 id
1197 4472 1279 4554 quod
1306 4473 1384 4536 idem
1409 4475 1508 4537 testari
1534 4478 1627 4559 possit
1647 4478 1704 4539 loc.
1727 4479 1775 4540 cit.
1796 4477 1884 4537 Dent.
1904 4469 1956 4539 nui

376 4572 515 4657 ὑπηρετῶν
535 4573 571 4649 τῇ
589 4564 702 4652 βουλῇ(
734 4573 795 4652 Qui
815 4569 1010 4660 ἀντιγραφεὺς
1029 4577 1079 4647 τῆς
1098 4567 1212 4648 βουλῆς
1232 4572 1268 4635 ab
1288 4574 1434 4656 Harpocr.
1448 4597 1471 4637 s.
1483 4597 1511 4639 v.
1532 4568 1726 4662 ἆντιγριιφεύι
1743 4573 1956 4643 ,annunciate

375 4671 403 4730 iv
421 4665 584 4745 Ἀθηναίων
605 4667 731 4748 πολιτείᾳ
753 4685 1008 4747 commemoratum
1029 4673 1164 4756 idemque
1185 4676 1217 4737 in
1236 4674 1473 4758 mseriptionibm
1493 4677 1571 4738 inter
1590 4667 1729 4740 ἄτιτῖτους
1748 4677 1868 4741 numine
1887 4677 1956 4742 noio

376 4764 570 4857 ἆντιγριιφεύο
590 4772 744 4834 invenitm.
766 4773 833 4836 vide
853 4772 981 4836 Boeekla
1004 4773 1118 4838 Oecon.
1141 4775 1196 4837 civ.
1217 4773 1287 4837 Atb„
1308 4775 1333 4837 Ῑ.
1353 4776 1448 4858 pam
1464 4797 1507 4856 sq.

417 4886 474 4969 (³⁰)
507 4888 615 4955 Cicero
637 4891 674 4954 de
696 4902 768 4953 orat.
790 4892 821 4968 3,
831 4890 860 4952 7.
881 4904 983 4956 orator
1002 4892 1053 4955 18.

1640 5000 1671 5076 B
