4636 5940
1131 394 1190 485 35

372 566 498 673 sersus
527 591 743 695 Philippum
773 613 832 663 res
863 602 1047 690 gererent,
1091 582 1136 659 ad
1167 587 1310 660 irritum
1341 585 1547 673 cecidisset,
1581 611 1639 662 res
1670 585 1949 666 Atheniensium

371 746 522 825 prorsus
548 723 721 795 iacerent:
750 738 908 816 cumque
933 711 1129 815 Philippus
1153 711 1238 815 plus
1262 737 1339 786 uno
1365 710 1480 787 modo
1507 711 1552 789 ad
1576 738 1707 816 pacem
1733 740 1818 789 cum
1835 715 1947 791 Athe·

371 848 559 923 nieusibus
583 840 781 919 ineundam
807 865 969 944 pronum
992 864 1032 915 se
1059 835 1290 915 ostendisset:
1321 838 1559 914 libentissime
1584 839 1827 917 Athenienses
1853 840 1948 919 hanc

370 978 471 1079 pacis
496 997 600 1075 spem
625 984 861 1072 acceperunt,
891 983 928 1042 et
952 969 1020 1044 viri
1047 969 1112 1069 qui
1136 969 1179 1040 in
1200 967 1311 1040 rebus
1336 965 1495 1068 publicis
1520 968 1770 1062 versabantur,
1799 993 1884 1045 vera
1910 985 1948 1045 et

370 1100 540 1176 diuturna
566 1113 608 1172 ut
632 1093 740 1171 fieret
763 1120 848 1198 pax,
884 1092 962 1169 sere
995 1117 1122 1168 omnes
1148 1093 1321 1167 omnibus
1345 1093 1483 1170 viribus
1508 1090 1740 1170 studuerunt.
1794 1098 1945 1172 Proces-

368 1242 465 1304 serat
489 1227 630 1328 primus
656 1220 888 1326 Olympiadis
913 1219 1038 1296 CVIII
1064 1245 1193 1328 annus.
1246 1220 1325 1294 Iam
1352 1219 1505 1295 antehac
1536 1218 1646 1322 legati
1677 1221 1944 1314 Euboensium,

367 1371 410 1429 ut
439 1377 499 1429 res
531 1376 613 1425 suas
645 1376 730 1424 cum
754 1347 1041 1423 Atheniensibus
1072 1363 1342 1450 componerent
1365 1344 1529 1421 Athenas
1553 1346 1730 1450 proiecti,
1765 1351 1881 1422 iussos
1907 1373 1946 1423 se

368 1505 448 1556 esse
473 1480 658 1568 nuntiare,
685 1474 781 1551 velle
807 1474 912 1549 illum
937 1476 1072 1576 pacisci
1098 1499 1182 1548 cum
1206 1475 1268 1564 iis,
1298 1470 1542 1549 declaramus.
1598 1473 1786 1577 Tempore
1812 1471 1947 1550 deinde

367 1603 543 1682 ludorum
575 1600 856 1706 Olympicorum
891 1598 1042 1705 Phryno
1071 1598 1307 1675 Atheniensis
1343 1626 1364 1674 a
1394 1597 1644 1702 praedonibus
1675 1615 1821 1703 captus,
1861 1627 1945 1676 cum

367 1733 489 1835 pretio
515 1729 638 1804 soluto
663 1727 828 1804 Athenas
853 1725 1033 1819 rediisset,
1061 1727 1244 1830 populum
1260 1729 1413 1828 rogavit,
1442 1742 1484 1802 ut
1499 1730 1682 1830 repetenti
1699 1729 1769 1802 sibi
1785 1729 1945 1829 pretium

367 1855 604 1933 redemtionis
634 1880 786 1959 operam
818 1851 934 1930 daret.
989 1852 1088 1928 Tum
1114 1851 1320 1956 Ctesiphon
1345 1851 1484 1955 legatus
1509 1851 1555 1927 ad
1580 1851 1794 1956 Philippum
1821 1855 1855 1928 ei
1881 1852 1944 1928 da·

366 2001 426 2061 tus
452 2000 518 2059 est.
574 1980 650 2077 Qui
676 1981 840 2057 Athenas
865 2005 1048 2083 regressus
1069 2005 1154 2054 cum
1169 1979 1352 2055 retulisset
1369 1977 1414 2054 ad
1433 1979 1629 2084 populum,
1659 1976 1840 2055 dictitasse
1856 1976 1943 2056 Phi·

365 2111 529 2214 lippum,
562 2112 817 2184 invitissimum
848 2133 887 2183 se
918 2107 1060 2182 bellum
1091 2123 1219 2182 contra
1251 2109 1434 2182 civitatem
1463 2106 1747 2183 Atheniensium
1778 2109 1942 2209 gessisse,

365 2240 598 2337 maximeque
623 2258 759 2336 cupere
785 2235 831 2307 ab
858 2237 966 2307 armis
990 2231 1177 2322 recedere,
1206 2258 1365 2332 cumque
1390 2236 1628 2334 exposuisset,
1658 2259 1768 2332 quam
1785 2233 1944 2334 benigne

366 2386 431 2435 rex
457 2385 497 2435 se
523 2362 665 2462 egisset:
695 2361 860 2432 omniurn
886 2359 1019 2432 civium
1045 2381 1226 2431 consensu
1242 2355 1469 2432 Philocrates
1491 2357 1696 2459 Hagnusius
1720 2362 1874 2458 rogarit,
1902 2374 1945 2433 ut

365 2487 495 2561 liceret
525 2483 703 2587 Philippo
739 2483 878 2586 legatos
912 2486 1012 2585 pacis
1044 2506 1150 2555 causa
1182 2480 1344 2556 Athenas
1379 2485 1535 2557 mittere.
1589 2481 1656 2555 His
1695 2485 1784 2557 actis
1824 2508 1943 2585 prope

366 2610 528 2687 medium
555 2607 815 2685 Themistoclis
840 2634 977 2682 annum
1001 2606 1177 2703 (hiemem
1193 2607 1285 2710 3497)
1310 2604 1498 2681 advenisse
1514 2623 1673 2682 statuere
1690 2607 1790 2684 licet.
1828 2609 1944 2685 Erant

364 2754 489 2813 tamen
513 2739 592 2839 qui,
620 2759 668 2810 ne
692 2759 766 2838 pax
790 2730 910 2825 fieret,
939 2729 1118 2835 impedire
1143 2729 1346 2808 studerent.
1391 2729 1467 2827 Qui
1483 2736 1712 2836 rogationem
1736 2734 1837 2809 illam
1854 2732 1943 2809 Phi·

364 2864 513 2940 locratis
539 2876 728 2954 accusant;
762 2863 912 2935 nomine
938 2857 1071 2962 Lycini
1100 2863 1368 2935 accusationem
1392 2846 1610 2935 inscribunt.
1664 2858 1811 2935 Deinde
1837 2887 1944 2938 causa

364 2994 405 3066 in
429 2991 514 3066 foro
539 2990 726 3092 agebatur.
780 2983 1023 3076 Philocrates,
1051 3012 1137 3060 cum
1161 2984 1311 3064 adversa
1336 2984 1545 3062 valetudine
1570 2985 1769 3078 laboraret,
1800 2986 1941 3063 Demo·

363 3117 532 3193 sthenem
563 3116 633 3190 sibi
664 3129 862 3215 patronum
894 3108 1104 3201 advocavit:
1138 3135 1159 3182 a
1190 3134 1266 3210 quo
1300 3108 1472 3185 deiensru
1497 3110 1718 3186 absolvitur:
1753 3129 1943 3189 accusator

365 3246 530 3345 quintam
556 3237 813 3338 suffragiorum
837 3249 981 3336 partem
1007 3258 1084 3307 non
1109 3237 1262 3337 accepit.
1309 3232 1389 3308 Sub
1416 3232 1544 3310 eadem
1569 3250 1736 3338 tempora
1755 3234 1941 3340 Olynthus

364 3367 454 3442 urbs
479 3366 634 3466 capitur,
662 3385 739 3436 uno
765 3362 875 3462 igitur
900 3358 978 3434 fere
1004 3356 1051 3434 de
1077 3361 1193 3434 tribus
1219 3363 1388 3440 extremis
1410 3358 1519 3436 huius
1536 3363 1622 3436 anni
1638 3364 1837 3456 mensibus,
1866 3369 1941 3442 sive

365 3517 451 3569 vere
468 3492 543 3568 347
562 3493 696 3590 (ponas
713 3511 837 3562 mense
851 3485 1113 3590 Munychione,
1129 3486 1264 3563 Martio
1282 3503 1438 3563 exeunte
1454 3486 1515 3563 vel
1532 3492 1681 3563 ineunte
1694 3488 1839 3592 Aprili).
1851 3494 1939 3588 (¹³⁸)

407 3785 478 3870 (¹³⁸)
508 3788 720 3848 Zimmermann
741 3784 778 3847 de
799 3784 999 3847 Demosthene
1019 3784 1094 3867 reip.
1116 3784 1222 3847 Athen.
1243 3785 1473 3847 administratore
1494 3785 1608 3865 (Berol.
1630 3786 1727 3864 1828)
1747 3787 1824 3868 p.59
1850 3811 1938 3865 „run

365 3891 416 3952 dio
436 3888 500 3952 iere
521 3887 617 3970 priano
639 3905 715 3948 auno
737 3884 890 3959 01.108”,
910 3897 1001 3947 recte.
1023 3917 1063 3933 -
1084 3885 1284 3948 Winiewskio
1306 3898 1460 3948 comment
1482 3907 1511 3968 p.
1519 3885 1558 3947 68
1579 3885 1701 3968 Olynthi
1716 3889 1889 3972 expugnatio
1903 3891 1939 3951 ad

364 3989 478 4051 initium
503 3984 663 4069 Theophili
690 3985 757 4047 anni
782 3986 937 4047 reserenda
962 3985 1086 4049 videtur.
1128 3984 1169 4048 At
1194 3986 1270 4063 loci,
1296 3987 1374 4050 unde
1399 3985 1457 4049 hoc
1484 3986 1628 4062 coniecit,
1654 3987 1742 4050 Dem.
1763 4011 1794 4047 π.
1814 4012 1939 4077 παραπρ.

364 4087 472 4172 ntro.
495 4099 525 4150 et
544 4087 635 4151 Diod.
656 4085 793 4148 XV155.
818 4107 879 4147 non
906 4086 945 4147 ita
971 4084 1097 4168 probant
1122 4086 1201 4167 quod
1222 4087 1324 4149 voluit.
1344 4087 1431 4150 Dem.
1453 4086 1531 4150 enim
1551 4088 1610 4149 l.c.
1631 4086 1669 4148 de
1691 4087 1851 4171 Olynthiis:
1877 4083 1940 4176 arpis

364 4183 413 4257 niv
432 4185 567 4272 ἐξελθεῖν
586 4183 710 4248 dvsoeordv
730 4188 782 4245 τοῦ
800 4177 932 4257 πολῖμου,
952 4183 1006 4251 τὰς
1024 4180 1121 4250 nitere
1140 4179 1260 4254 eisdem
1279 4179 1497 4250 ἆπολωλῖκισαν
1516 4184 1571 4252 eds
1590 4188 1618 4248 iv
1639 4192 1675 4268 ηἶ
1692 4186 1857 4270 Χαλκιδυιῇ.
1881 4191 1939 4251 Ex·

366 4287 436 4347 arsit
460 4287 577 4366 quidem
602 4287 712 4349 bellum
738 4284 896 4348 ΟΙ.107.4
921 4286 1060 4350 archonte
1088 4284 1279 4363 Callimacho:
1305 4301 1402 4352 umen
1428 4309 1489 4352 uon
1510 4289 1546 4350 ad
1566 4288 1687 4352 verbum
1713 4290 1875 4373 urgendum
1895 4305 1940 4353 eat

365 4385 438 4447 ittud
458 4378 520 4470 :spir
540 4384 674 4468 ἓξιλθεῒν
693 4378 828 4457 ἔνεαυτὸν,
848 4385 978 4463 „belim
997 4388 1081 4450 unlus
1101 4389 1168 4450 anni
1187 4391 1281 4471 spatio
1301 4400 1414 4474 gestam
1435 4389 1528 4453 Μ’.
1559 4390 1633 4451 Nam
1647 4388 1797 4451 Diodorus
1810 4389 1938 4464 xvim

365 4485 414 4546 flu.
436 4482 488 4546 sub
510 4483 559 4546 01.
570 4485 667 4548 tots
687 4500 794 4564 narrat,
814 4487 980 4570 Philippum
999 4488 1086 4552 nrbes
1108 4486 1289 4553 Chalcidice:
1309 4510 1475 4575 aggressum
1495 4489 1597 4552 Giram
1617 4490 1754 4550 munitam
1775 4487 1887 4568 cepisse
1906 4501 1939 4551 et

366 4585 521 4661 evertisse,
547 4596 578 4646 et
603 4585 658 4647 alia
682 4587 794 4668 aliquot
819 4588 958 4671 oppidula
985 4610 1055 4672 prae
1081 4603 1160 4653 metu
1185 4590 1214 4654 ei
1239 4612 1271 4653 se
1296 4588 1462 4654 subiecisse.
1504 4590 1621 4651 Deinde
1642 4587 1808 4669 Philippum
1829 4586 1938 4652 Pheres

366 4684 532 4746 Thessaliae
553 4684 697 4762 invasisse,
717 4686 842 4770 indeque
863 4687 1026 4751 Pitholamn
1047 4691 1197 4773 expulisse.
1238 4690 1334 4754 Porro
1354 4690 1504 4753 Diodorus
1523 4687 1650 4749 xvtts
1671 4685 1723 4749 sub
1744 4707 1819 4750 mnu
1840 4690 1937 4772 primo

367 4783 489 4847 ottus
509 4783 612 4862 refert,
632 4783 797 4869 Philippum
818 4800 952 4851 conabam
973 4809 1036 4852 esse
1055 4789 1142 4852 urbes
1162 4791 1198 4851 ad
1218 4790 1441 4874 Hellespontum
1460 4790 1528 4851 sitas
1548 4788 1580 4848 in
1599 4798 1772 4870 potestatem
1786 4808 1865 4850 suam
1886 4811 1935 4852 re-

366 4884 484 4969 digere,
508 4883 714 4967 biecybernam
740 4899 771 4950 et
791 4888 934 4952 Toronen
954 4890 1122 4973 proditione
1142 4891 1295 4973 accepisse.
1337 4888 1450 4954 Contra
1471 4886 1632 4972 Olynthum
1651 4908 1724 4953 veru
1744 4910 1810 4952 can
1830 4911 1936 4974 magno

1589 4995 1656 5070 Es
