4636 5940
1226 402 1283 492 38

465 626 528 679 sua
555 597 713 689 excellit,
744 620 815 700 qua
841 597 1104 697 benignitatem
1128 620 1171 670 ac
1196 593 1375 670 beneficia
1391 594 1672 671 Atheniensium
1694 599 1881 701 prioribus
1897 616 2042 702 tempo·

463 728 564 801 ribus
590 728 630 798 in
655 727 811 798 maiores
835 720 1001 827 Philippi
1024 721 1132 814 facta,
1162 725 1291 796 merita
1315 721 1508 824 Iphicratis
1534 720 1580 796 de
1605 723 1765 827 Amynta
1790 742 1894 829 patre
1921 724 2043 830 deque

462 859 545 956 ipso
570 849 748 955 Philippo
763 850 913 924 'infante
939 846 1110 924 laudibus
1136 847 1258 940 effert,
1288 873 1421 950 resque
1448 851 1567 924 minus
1593 850 1838 952 probabiliter
1862 869 1978 954 gestas
2004 857 2045 928 in

378 1020 385 1031 ·
463 975 700 1056 commodum
724 975 1005 1052 Atheniensium
1030 991 1172 1052 vertere
1198 973 1334 1068 studet3
1363 973 1497 1050 deinde
1524 973 1570 1052 de
1588 974 1806 1080 Amphipoli
1831 1005 1938 1055 causa
1954 979 2046 1055 belli

462 1106 641 1208 loquitur,
679 1128 789 1204 quarn
814 1104 945 1178 urbem
970 1101 1249 1176 Atheniensium
1276 1125 1354 1176 esse
1380 1100 1517 1176 debere
1543 1117 1581 1177 et
1607 1127 1651 1176 ex
1677 1103 1809 1208 mythis
1842 1121 1878 1180 et
1904 1131 1949 1180 ex
1974 1131 2042 1209 pa·

463 1235 529 1307 ctis
550 1234 611 1306 sui
637 1232 814 1332 temporis
840 1227 1079 1304 demonstrat.
1099 1229 1187 1328 (¹⁴³)
1237 1226 1522 1320 Demosthenes,
1553 1254 1665 1330 quum
1689 1246 1805 1306 aetate
1822 1229 1968 1307 infimus
1986 1258 2042 1307 es-

462 1374 536 1448 set,
570 1356 719 1431 ultimus
750 1356 938 1457 loquitur;
973 1352 1037 1430 sed
1070 1357 1274 1457 praesentia
1304 1352 1470 1458 Philippi
1501 1355 1667 1431 turbatus
1699 1360 1865 1432 oratione
1892 1356 2039 1432 excidit.

462 1485 644 1585 Apertum
670 1498 737 1573 est,
767 1480 866 1556 hunc
891 1507 1015 1557 casum
1040 1505 1146 1582 aegre
1171 1480 1298 1556 tulisse
1324 1506 1409 1555 eum
1434 1484 1566 1572 virum,
1597 1485 1662 1584 qui
1677 1481 1833 1558 Athenis
1849 1488 2043 1559 acerrimas

462 1613 692 1711 optimosque
718 1611 903 1683 orationes
928 1587 1107 1682 habuerat
1131 1611 1171 1681 in
1196 1604 1353 1682 eundem
1375 1604 1605 1711 Philippum.
1658 1607 1814 1685 Accedit
1840 1608 1941 1713 quod
1967 1611 2041 1685 Ae·

460 1734 618 1826 schines,
646 1760 729 1809 cum
755 1759 819 1809 rex
846 1732 952 1809 dictis
978 1734 1183 1840 legatorum
1208 1731 1462 1836 responderet,
1491 1732 1600 1808 huius
1625 1759 1713 1836 prae
1739 1739 1869 1811 ceteris
1887 1734 2040 1838 diligen-

459 1866 548 1938 tiam
581 1877 770 1963 expertus,
805 1859 1076 1934 Demosthenes
1110 1876 1231 1934 autern
1263 1887 1347 1935 cum
1372 1861 1495 1935 verbis
1522 1863 1595 1963 suis
1621 1859 1731 1962 plane
1758 1860 1944 1962 neglectus
1971 1878 2039 1937 est.

461 1985 564 2082 Quin
598 1991 725 2078 etiam,
759 2012 843 2060 cum
874 1983 1009 2060 deinde
1040 1984 1277 2060 familiaribus
1309 1985 1506 2089 colloquiis
1537 1985 1741 2088 legatorum
1772 2013 1836 2062 rex
1861 2003 2039 2080 uteretur,

459 2137 598 2215 eosque
623 2112 776 2186 honoris
803 2136 910 2187 causa
935 2108 981 2185 ad
1008 2135 1162 2186 coenam
1184 2114 1366 2204 invitaret,
1396 2116 1545 2187 minime
1563 2111 1750 2187 affabilem
1766 2112 2038 2188 Demosthenes

236 2265 244 2280 ·
367 2342 371 2349 1
459 2265 497 2314 se
523 2239 708 2341 praebuit3
737 2253 775 2311 et
799 2240 838 2311 in
863 2233 997 2328 reditu,
1027 2240 1058 2311 si
1082 2261 1209 2312 rerum
1236 2240 1295 2328 sit,
1326 2236 1428 2340 quod
1454 2238 1654 2313 Aeschines
1680 2242 1897 2315 testimoniis
1924 2239 2040 2314 eolle-
2102 2338 2108 2353 .

458 2391 582 2468 garum
608 2362 778 2454 firmavit,
807 2359 1102 2438 insidiosissimus
1129 2367 1310 2466 apparuit.
1354 2362 1496 2439 Tamen
1517 2391 1601 2439 cum
1617 2364 1781 2441 Athenas
1799 2371 1951 2468 regressi
1968 2370 2038 2441 cir-

459 2519 543 2567 cum
567 2493 712 2564 initium
739 2487 1045 2589 Elaphebolionis
1072 2492 1148 2563 sive
1173 2490 1296 2564 Martii
1322 2517 1372 2564 m.
1403 2491 1553 2587 (Aesch.
1574 2495 1613 2565 in
1632 2490 1733 2567 Ctes.
1763 2494 1895 2594 pos.)
1922 2491 1968 2567 de
1986 2493 2039 2568 le·

457 2620 603 2720 gatione
627 2613 722 2688 facta
750 2609 795 2684 ad
822 2628 988 2686 senatum
1014 2612 1223 2687 retulissent
1245 2614 1517 2715 epistolamque
1540 2613 1755 2718 aPhilippo
1773 2620 1945 2718 scriptam
1963 2636 2037 2693 tra·

458 2741 648 2829 didissent,
677 2736 961 2828 Demosthenes,
992 2740 1057 2839 qui
1081 2740 1162 2839 ipse
1186 2735 1260 2812 hoc
1285 2762 1384 2812 anno
1410 2754 1556 2813 senator
1573 2754 1662 2831 erat,
1692 2740 1830 2842 legatos
1847 2742 2038 2845 republica

456 2866 588 2969 dignos
613 2860 765 2938 laudans
790 2860 887 2953 tulit,
915 2877 958 2936 ut
984 2865 1141 2967 quisque
1168 2887 1297 2938 eorum
1324 2862 1420 2938 oliva
1446 2881 1686 2940 coronaretur
1706 2889 1907 2969 omnesque
1924 2872 1963 2942 in
1980 2894 2038 2943 se·

458 3008 632 3098 quentem
666 2989 764 3064 diem
793 2985 839 3062 ad
872 3013 1026 3063 coenam
1058 2992 1097 3063 in
1127 3005 1344 3092 prytaneum
1369 2993 1620 3066 invitarentur.
1637 2993 1724 3092 (¹4⁴)
1778 2991 1875 3068 Cum
1902 2991 2037 3070 deinde

458 3120 502 3194 ad
528 3116 712 3223 populum
738 3113 938 3206 referrent,
974 3112 1180 3218 Ctesiphon
1213 3130 1301 3189 natu
1326 3118 1422 3191 inter
1446 3115 1585 3218 legatos
1612 3121 1788 3193 maximus
1813 3123 1951 3222 primus
1978 3121 2036 3193 lo·

457 3261 561 3321 cutus
592 3247 689 3318 inter
718 3242 788 3315 alia
820 3240 1074 3317 affabilitatem
1103 3245 1197 3343 regis
1228 3239 1389 3316 laudavit
1414 3245 1566 3344 eiusque
1592 3242 1749 3319 formam
1774 3271 1816 3320 ac
1842 3243 2036 3322 dexterita-

457 3390 532 3448 tem
557 3374 596 3443 in
622 3368 978 3470 compotationibus,
1013 3383 1161 3468 etpost
1186 3365 1286 3442 hunc
1310 3365 1520 3442 Philocrate
1551 3384 1589 3442 et
1612 3369 1776 3474 Dercylo
1802 3372 1936 3446 locutis
1960 3374 2036 3448 Ac·

456 3498 600 3574 schines
627 3495 705 3569 aliis
731 3493 805 3568 hoc
830 3490 975 3583 adiecit,
1003 3489 1220 3595 Philippum
1246 3507 1429 3567 oratorem
1459 3517 1537 3568 esse
1562 3494 1661 3568 bona
1687 3501 1863 3570 memoria
1889 3524 2034 3599 magna·

458 3650 530 3728 que
556 3626 605 3700 vi.
659 3619 853 3696 Postremo
878 3616 1149 3693 Demosthenes
1174 3633 1217 3692 ut
1241 3643 1353 3721 nugas
1378 3617 1463 3693 talia
1484 3619 1596 3693 verba
1614 3616 1769 3693 irridens
1788 3617 1962 3713 decrevit,
1994 3640 2034 3697 ut

401 3737 403 3740 ’
457 3777 541 3826 cum
567 3746 806 3825 caduceatore
832 3771 853 3820 a
878 3741 1057 3848 Philippo
1082 3744 1246 3820 Athenas
1272 3747 1383 3820 misso
1407 3761 1641 3848 pungeretur,
1677 3746 1765 3820 item
1796 3772 1880 3821 cum
1905 3746 2033 3849 legatis

457 3882 533 3953 eius
558 3877 734 3966 venturis,
764 3890 801 3948 et
825 3890 880 3965 ut,
908 3874 1177 3974 cumprimum
1203 3874 1229 3944 ii
1255 3868 1498 3963 advenissent,
1536 3869 1677 3946 duabus
1703 3869 1876 3976 deinceps
1903 3871 2032 3948 diebus

348 4072 352 4078 ,
455 4005 674 4078 concionem
699 4016 871 4101 prytanea
897 4013 1157 4088 convocarent,
1187 4023 1259 4100 qua
1285 4013 1322 4072 et
1348 3995 1394 4073 de
1419 4023 1510 4101 pace
1536 3995 1646 4073 etde
1672 3996 1822 4074 foedere
1849 4004 2028 4100 ageretur.

454 4124 560 4202 Idem
585 4123 738 4227 posthac
764 4126 803 4198 in
828 4141 956 4199 senatu
981 4123 1079 4216 tulit,
1107 4139 1149 4198 ut
1165 4122 1291 4227 legatis
1308 4122 1474 4229 Philippi
1492 4123 1595 4200 locus
1612 4121 1801 4228 spectandi
1818 4124 1919 4200 iestis
1935 4124 2029 4211 Dio·

456 4257 566 4359 nysiis
599 4253 851 4352 assignaretur.
906 4251 996 4323 Erat
1028 4252 1125 4324 enim
1157 4265 1236 4324 tum
1261 4268 1421 4344 senator3
1456 4266 1565 4353 atque
1592 4250 1747 4328 multum
1772 4251 1877 4326 abest
1900 4270 1954 4345 ut,
1991 4251 2030 4328 id

457 4378 559 4484 quod
586 4375 786 4454 Aeschines
813 4372 963 4478 quidem
988 4375 1089 4468 fecit,
1117 4372 1321 4480 vit'uperem
1348 4380 1424 4452 eius
1440 4375 1536 4453 hanc
1552 4379 1794 4480 rogationem3
1821 4382 1946 4482 potius
1965 4378 2028 4456 de·

456 4508 562 4582 cebat
593 4505 692 4612 hunc
722 4504 905 4581 honorem
936 4500 1063 4606 legatis
1093 4506 1187 4606 regis
1212 4505 1387 4578 tribuere:
1422 4528 1549 4579 verum
1576 4529 1622 4578 ne
1649 4520 1780 4607 negato
1805 4504 2028 4583 Demosthe·

497 4771 569 4853 (¹⁴³)
599 4775 811 4841 liecensionem
831 4774 911 4858 quasi
931 4772 1014 4837 huius
1035 4775 1173 4838 orationis
1193 4772 1344 4838 Aeschinis
1365 4774 1432 4838 vide
1453 4794 1498 4856 ap.
1521 4775 1689 4839 Weishium
1708 4775 1747 4839 1t
1768 4775 1854 4860 pio.
1878 4809 1880 4813 ν

497 4877 568 4962 (sss)
599 4879 685 4942 nem·
705 4906 737 4941 n·
758 4907 881 4970 ww·
902 4904 932 4964 P·
937 4881 1008 4946 414·
1707 4885 1714 4895 .
