4636 5940
690 890 849 995 PARS
887 895 928 992 Ι.

70 1075 204 1224 DE
231 1077 358 1158 VITA
382 1078 650 1159 AESCHINIS
676 1080 981 1180 PRIUSQUAM
1004 1083 1076 1160 AD
1102 1081 1477 1161 REMPUBLICAM

490 1205 780 1286 GERENDAM
804 1209 1128 1290 ACCEDERET.

762 1402 800 1507 g.
819 1409 852 1478 1.

154 1543 374 1647 Aeschines,
408 1553 592 1630 Atrometi
617 1554 675 1653 (¹)
706 1553 818 1649 filius,
852 1553 1083 1633 Atheniensis
1114 1581 1134 1631 e
1164 1557 1265 1630 tribu
1292 1554 1596 1632 Cothocidarum.

17 1668 94 1767 Qui
117 1695 263 1775 pauper
282 1677 435 1781 quidem
454 1708 475 1755 a
495 1696 599 1784 patre
618 1681 781 1776 relictus,
812 1708 922 1786 quem
942 1699 1138 1786 antequam
1158 1681 1260 1758 bello
1280 1679 1599 1785 Peloponnesiaco

14 1799 125 1878 bonis
152 1816 282 1879 exutus
307 1824 404 1884 esset
411 1866 422 1902 ,
457 1807 650 1902 athletam,
685 1807 821 1885 deinde
847 1835 868 1886 a
891 1812 1037 1913 triginta
1061 1812 1148 1887 viris
1172 1812 1290 1912 patria
1316 1808 1527 1912 expulsum,
1561 1814 1602 1886 in

14 1926 104 2006 Asia
128 1925 259 2002 militia
286 1938 428 2039 egregie
454 1934 621 2015 functum
647 1935 758 2011 fuisse
783 1936 937 2040 legimus
959 1935 1032 2034 (²),
1062 1935 1220 2010 honesto
1241 1952 1364 2010 tamen
1385 1960 1518 2038 genere
1540 1961 1600 2009 or-

14 2074 90 2143 tus,
118 2066 250 2155 utpote
277 2064 344 2161 qui
369 2087 390 2137 e
414 2064 514 2138 curia
540 2077 636 2137 esset
661 2088 761 2138 sacra
787 2064 1032 2139 communiter
1057 2061 1270 2137 habentium
1294 2089 1378 2137 cum
1397 2063 1600 2138 Eteobuta·

16 2181 88 2273 dis,
116 2181 405 2280 praeclarissima
425 2186 655 2265 sacerdotum
675 2206 782 2291 gente
804 2188 877 2290 (³),
907 2215 949 2265 ac
968 2188 1090 2265 libero
1112 2192 1276 2292 quamvis
1295 2215 1427 2292 parum
1446 2189 1599 2283 illustri;

15 2333 88 2390 nec
108 2308 230 2384 minus
249 2337 271 2386 a
290 2330 407 2391 matre
427 2316 548 2391 libero
569 2333 646 2392 erat
665 2341 812 2417 genere,
832 2314 1076 2410 Glaucothea,
1095 2314 1227 2391 Glauci
1239 2314 1424 2390 Acharnei
1443 2313 1518 2390 filia
1532 2315 1603 2412 (¹).

15 2431 265 2519 Demostheni
289 2445 388 2516 enim
413 2442 515 2518 nulla
542 2458 598 2519 est
621 2439 791 2517 habenda
811 2439 917 2536 fides,
948 2445 1013 2545 qui
1032 2445 1211 2546 temporis
1231 2444 1287 2518 sui
1305 2442 1454 2543 vulgare
1473 2445 1602 2518 vitium

17 2709 61 2770 ut
85 2689 335 2766 inimicissimo
359 2689 503 2766 homini
523 2692 758 2784 obtrectaret,
787 2689 1027 2765 contumelias
1047 2688 1214 2793 undique
1234 2684 1406 2765 maximas
1425 2694 1465 2765 in
1484 2706 1602 2766 totam

19 2813 195 2896 familiam
219 2831 360 2892 temere
385 2815 546 2892 conflare
571 2814 754 2892 studebat.
796 2815 939 2891 Tamen
971 2832 1027 2892 est
1056 2817 1121 2891 ubi
1147 2814 1510 2892 maledicentissimus
1537 2815 1601 2892 de·

19 2937 271 3050 prehendatur
294 2943 578 3034 Demosthenes,
607 2959 650 3018 ut
674 2942 765 3018 mihi
789 2940 948 3035 videtur,
977 2941 1063 3017 hoc.
1104 2942 1226 3017 Mater
1250 2940 1442 3019 Aeschinis
1467 2960 1601 3047 myste-

19 3075 84 3149 riis
116 3072 254 3170 magnis
285 3071 601 3161 subministrabat;
637 3067 740 3174 quod
771 3095 903 3144 munus
934 3068 1146 3171 religiosum
1176 3095 1259 3145 cum
1285 3067 1495 3145 foedissime
1519 3093 1601 3145 ver-

20 3201 136 3287 tisset,
164 3199 289 3300 priore
316 3194 466 3300 quidem
490 3195 663 3274 adversus
682 3195 903 3273 Aeschinem
923 3195 1049 3270 habits
1068 3197 1234 3271 oratione
1255 3195 1315 3295 (⁵)
1339 3195 1433 3270 nihil
1452 3194 1597 3290 adiecit,
1649 3282 1652 3286 ,
1700 3225 1703 3228 ·

21 3326 228 3429 posteriore
254 3340 378 3400 tamen
402 3323 517 3425 longo
541 3328 720 3427 temporis
745 3326 865 3426 spatio
890 3324 1098 3397 intermisso
1124 3338 1355 3398 consectatur
1381 3323 1459 3421 (⁶):
1487 3317 1603 3409 τὴνδὲ

22 3445 144 3556 μητέρα
173 3449 300 3537 σεμνῶς
329 3440 414 3522 πάνυ
444 3442 664 3542 Γλαυκοθέαν
696 3438 862 3537 dulcasse
892 3443 1140 3543 (Aeschines),
1174 3434 1210 3531 ilc
1228 3438 1425 3535 Ἔμπουσαν
1458 3439 1602 3528 ἅπαντες

21 3571 119 3652 ἴσασι
144 3567 356 3666 καλουμένην,
388 3576 427 3649 ἐκ
451 3574 512 3648 τοῦ
534 3565 646 3648 πάντα
669 3575 767 3647 ποιεῖν
794 3566 849 3647 secl
874 3562 1023 3665 πάσχειν
1050 3561 1227 3658 dolosior
1251 3564 1372 3656 ταύτης
1396 3571 1454 3655 τῆς
1477 3575 1600 3647 inum.

23 3699 100 3795 μίας
124 3702 312 3796 τυχοῦσαν·
345 3693 473 3776 πόθεν
498 3692 577 3810 γὰρ
603 3692 784 3774 ἄλλοθεν
793 3727 804 3794 ;
834 3723 928 3803 quae
953 3698 1067 3774 verba
1094 3712 1254 3796 extrema
1285 3712 1322 3770 et
1347 3683 1490 3782 δηλονότι
1516 3700 1601 3772 satis

64 3973 115 4054 (¹)
144 3972 250 4034 Aesch.
271 3966 333 4058 περὶ
352 3998 405 4059 πρε
391 3967 461 4042 mil
481 3972 567 4057 1)..ssss
574 3971 614 4034 18
635 3971 674 4032 tt
689 3968 802 4052 steph,
822 3966 908 4051 p..4⁷
914 3967 955 4031 35
976 3988 1135 4049 omnesque
1156 3967 1255 4048 script.
1276 3968 1327 4029 vit
1348 3964 1454 4029 Aesch.

24 4087 115 4172 (¹)
144 4088 250 4152 Aesch.
272 4088 343 4151 ibid.
364 4089 450 4172 put
456 4092 497 4153 38
507 4112 605 4180 sqq

64 4207 115 4291 (¹)
146 4207 216 4270 ibid.
238 4205 324 4290 p..47
330 4205 380 4268 40.
410 4208 458 4269 De
479 4208 652 4289 praestantia
672 4228 706 4269 ac
726 4226 846 4269 munere
866 4205 949 4269 huius
968 4130 1156 4269 sacerdotalis
1176 4203 1271 4289 gentis
1292 4200 1420 4264 video.
1435 4200 1542 4265 Miller
1561 4202 1599 4265 de

23 4311 111 4376 sacris
132 4322 163 4374 et
182 4308 254 4371 aede
274 4309 424 4371 Minervae
444 4306 572 4369 Poliadis
592 4329 622 4390 p
614 4307 649 4369 8
664 4329 707 4390 sq.

64 4429 116 4512 (⁴)
146 4427 252 4492 Aesch.
273 4451 334 4514 περι
324 4417 461 4511 noted.
482 4424 626 4508 poseo.
649 4424 687 4487 cl.
708 4423 794 4509 pot.
803 4426 853 4488 41.

66 4544 117 4627 (⁸)
148 4547 233 4611 Dent.
254 4538 315 4634 περὶ
336 4537 521 4632 παραπρεσβ.
542 4565 572 4626 p.
580 4543 650 4606 419.
671 4541 779 4626 p.431.
801 4544 848 4606 ed.
864 4543 902 4606 R.

66 4661 117 4746 (⁶)
147 4665 233 4727 Dem.
259 4645 320 4751 usqi
347 4677 432 4742 στεφ.
457 4685 486 4746 p.
498 4659 560 4723 270
578 4661 627 4722 fin
654 4693 694 4708 -
720 4662 866 4745 Harpocr.
892 4683 954 4725 ev.
978 4652 1143 4733 Ἔμπουσα·
1170 4651 1278 4739 φάσμα
1302 4649 1528 4738 clunensium
1549 4659 1600 4730 nie

22 4756 160 4836 Ἑκάτης,
180 4755 196 4824 d
215 4769 273 4829 τοῖς
294 4762 487 4846 denegarim
508 4755 646 4842 ἐφαίνετο.
671 4754 778 4849 πλήρης
799 4754 831 4824 δὲ
850 4766 902 4825 τοῦ
921 4752 1055 4836 iuducere
1074 4759 1091 4833 ἦ
1112 4754 1253 4840 κωμῳδία.
1280 4759 1318 4823 cs.
1339 4758 1445 4822 Meieri
1465 4777 1599 4840 prooem·

25 4864 187 4930 scholarum
206 4864 273 4927 1121.
293 4863 353 4927 bib.
375 4863 579 4928 saeos-37.
600 4878 670 4947 pan
683 4884 725 4945 sq.
