<?xml version="1.0" encoding="UTF-8"?>
<!DOCTYPE html PUBLIC "-//W3C//DTD XHTML 1.0 Transitional//EN"
    "http://www.w3.org/TR/xhtml1/DTD/xhtml1-transitional.dtd">
<html xmlns="http://www.w3.org/1999/xhtml" xml:lang="en" lang="en">
 <head>
  <title>
</title>
<meta http-equiv="Content-Type" content="text/html;charset=utf-8" />
  <meta name='ocr-system' content='tesseract 3.04.00' />
  <meta name='ocr-capabilities' content='ocr_page ocr_carea ocr_par ocr_line ocrx_word'/>
</head>
<body>
  <div class='ocr_page' id='page_1' title='image "./deaeschinisorat00stecgoog_0022.png"; bbox 0 0 4636 5940; ppageno 0'>
   <div class='ocr_carea' id='block_1_1' title="bbox 299 426 1880 861">
    <p class='ocr_par' dir='ltr' id='par_1_1' title="bbox 299 426 1880 861">
     <span class='ocr_line' id='line_1_1' title="bbox 1064 426 1115 517; baseline 0.02 -1"><span class='ocrx_word' id='word_1_1' title='bbox 1064 426 1115 517; x_wconf 89' lang='grc'><strong>11</strong></span> 
     </span>
     <span class='ocr_line' id='line_1_2' title="bbox 299 616 1880 724; baseline 0.002 -24"><span class='ocrx_word' id='word_1_2' title='bbox 299 619 602 700; x_wconf 78' lang='lat' dir='ltr'><strong>Lacedaemoniis</strong></span> <span class='ocrx_word' id='word_1_3' title='bbox 632 617 860 711; x_wconf 82' lang='lat' dir='ltr'><strong>defecerant,</strong></span> <span class='ocrx_word' id='word_1_4' title='bbox 895 617 953 694; x_wconf 88' lang='lat' dir='ltr'><strong>his</strong></span> <span class='ocrx_word' id='word_1_5' title='bbox 983 616 1185 695; x_wconf 88' lang='lat' dir='ltr'><strong>fidelissimi</strong></span> <span class='ocrx_word' id='word_1_6' title='bbox 1215 622 1307 696; x_wconf 89' lang='lat' dir='ltr'><strong>socii</strong></span> <span class='ocrx_word' id='word_1_7' title='bbox 1338 624 1606 724; x_wconf 87' lang='lat' dir='ltr'><strong>permanebant</strong></span> <span class='ocrx_word' id='word_1_8' title='bbox 1628 626 1715 724; x_wconf 70' lang='lat'><strong>(³⁴).</strong></span> <span class='ocrx_word' id='word_1_9' title='bbox 1763 623 1880 721; x_wconf 90' lang='lat' dir='ltr'><strong>Quod</strong></span> 
     </span>
     <span class='ocr_line' id='line_1_3' title="bbox 299 745 1878 861; baseline 0.002 -35"><span class='ocrx_word' id='word_1_10' title='bbox 299 776 384 826; x_wconf 92' lang='lat' dir='ltr'><strong>cum</strong></span> <span class='ocrx_word' id='word_1_11' title='bbox 410 773 518 852; x_wconf 83' lang='lat' dir='ltr'><strong>aegre</strong></span> <span class='ocrx_word' id='word_1_12' title='bbox 542 748 680 824; x_wconf 79' lang='lat' dir='ltr'><strong>ferrent</strong></span> <span class='ocrx_word' id='word_1_13' title='bbox 699 746 824 849; x_wconf 81' lang='lat' dir='ltr'><strong>Argivi</strong></span> <span class='ocrx_word' id='word_1_14' title='bbox 848 748 1027 849; x_wconf 74' lang='lat' dir='ltr'><strong>imprimis</strong></span> <span class='ocrx_word' id='word_1_15' title='bbox 1053 762 1093 861; x_wconf 77' lang='lat' dir='ltr'><strong>et</strong></span> <span class='ocrx_word' id='word_1_16' title='bbox 1109 745 1270 823; x_wconf 88' lang='lat' dir='ltr'><strong>Arcades</strong></span> <span class='ocrx_word' id='word_1_17' title='bbox 1296 773 1339 823; x_wconf 88' lang='lat' dir='ltr'><strong>ac</strong></span> <span class='ocrx_word' id='word_1_18' title='bbox 1363 774 1433 851; x_wconf 90' lang='lat' dir='ltr'><strong>per</strong></span> <span class='ocrx_word' id='word_1_19' title='bbox 1459 749 1586 853; x_wconf 89' lang='lat' dir='ltr'><strong>plures</strong></span> <span class='ocrx_word' id='word_1_20' title='bbox 1615 776 1731 828; x_wconf 90' lang='lat' dir='ltr'><strong>annos</strong></span> <span class='ocrx_word' id='word_1_21' title='bbox 1754 752 1878 829; x_wconf 87' lang='lat' dir='ltr'><strong>Phlia-</strong></span> 
     </span>
    </p>
   </div>
   <div class='ocr_carea' id='block_1_2' title="bbox 297 868 1882 2873">
    <p class='ocr_par' dir='ltr' id='par_1_2' title="bbox 297 868 1882 2873">
     <span class='ocr_line' id='line_1_4' title="bbox 299 868 1880 978; baseline 0.003 -25"><span class='ocrx_word' id='word_1_22' title='bbox 299 868 373 953; x_wconf 87' lang='lat' dir='ltr'><strong>sios</strong></span> <span class='ocrx_word' id='word_1_23' title='bbox 405 875 570 978; x_wconf 89' lang='lat' dir='ltr'><strong>undique</strong></span> <span class='ocrx_word' id='word_1_24' title='bbox 601 890 832 977; x_wconf 83' lang='lat' dir='ltr'><strong>premerent:</strong></span> <span class='ocrx_word' id='word_1_25' title='bbox 873 873 1134 966; x_wconf 83' lang='lat' dir='ltr'><strong>Athenienses,</strong></span> <span class='ocrx_word' id='word_1_26' title='bbox 1173 876 1236 977; x_wconf 90' lang='lat' dir='ltr'><strong>qui</strong></span> <span class='ocrx_word' id='word_1_27' title='bbox 1269 872 1422 950; x_wconf 86' lang='lat' dir='ltr'><strong>foedere</strong></span> <span class='ocrx_word' id='word_1_28' title='bbox 1456 879 1531 953; x_wconf 90' lang='lat' dir='ltr'><strong>icto</strong></span> <span class='ocrx_word' id='word_1_29' title='bbox 1565 881 1760 955; x_wconf 87' lang='lat' dir='ltr'><strong>amicitiam</strong></span> <span class='ocrx_word' id='word_1_30' title='bbox 1795 907 1880 957; x_wconf 89' lang='lat' dir='ltr'><strong>cum</strong></span> 
     </span>
     <span class='ocr_line' id='line_1_5' title="bbox 298 997 1878 1112; baseline 0.002 -31"><span class='ocrx_word' id='word_1_31' title='bbox 298 1002 600 1081; x_wconf 74' lang='lat' dir='ltr'><strong>Lacedaemoniis</strong></span> <span class='ocrx_word' id='word_1_32' title='bbox 625 1002 784 1077; x_wconf 87' lang='lat' dir='ltr'><strong>inierant</strong></span> <span class='ocrx_word' id='word_1_33' title='bbox 805 997 870 1077; x_wconf 89' lang='grc'><strong>01.</strong></span> <span class='ocrx_word' id='word_1_34' title='bbox 891 1003 976 1076; x_wconf 86' lang='grc'><strong>100.</strong></span> <span class='ocrx_word' id='word_1_35' title='bbox 993 1002 1017 1075; x_wconf 77' lang='lat' dir='ltr'><strong>l</strong></span> <span class='ocrx_word' id='word_1_36' title='bbox 1038 1004 1088 1100; x_wconf 85' lang='lat' dir='ltr'><strong>(a.</strong></span> <span class='ocrx_word' id='word_1_37' title='bbox 1105 1001 1214 1101; x_wconf 82' lang='grc'><strong>369.)</strong></span> <span class='ocrx_word' id='word_1_38' title='bbox 1233 1004 1319 1100; x_wconf 80' lang='lat'><strong>(³⁵),</strong></span> <span class='ocrx_word' id='word_1_39' title='bbox 1347 999 1516 1078; x_wconf 87' lang='lat' dir='ltr'><strong>Phliasiis</strong></span> <span class='ocrx_word' id='word_1_40' title='bbox 1539 1001 1604 1080; x_wconf 92' lang='lat' dir='ltr'><strong>Ol.</strong></span> <span class='ocrx_word' id='word_1_41' title='bbox 1624 1007 1708 1082; x_wconf 83' lang='grc'><strong>103.</strong></span> <span class='ocrx_word' id='word_1_42' title='bbox 1729 1012 1746 1082; x_wconf 93' lang='grc'><strong>1</strong></span> <span class='ocrx_word' id='word_1_43' title='bbox 1773 1012 1878 1112; x_wconf 88' lang='lat' dir='ltr'><strong>equi-</strong></span> 
     </span>
     <span class='ocr_line' id='line_1_6' title="bbox 299 1126 1876 1233; baseline 0.003 -26"><span class='ocrx_word' id='word_1_44' title='bbox 299 1148 354 1208; x_wconf 86' lang='lat' dir='ltr'><strong>tes</strong></span> <span class='ocrx_word' id='word_1_45' title='bbox 373 1131 518 1232; x_wconf 86' lang='lat' dir='ltr'><strong>aliquot</strong></span> <span class='ocrx_word' id='word_1_46' title='bbox 537 1127 674 1204; x_wconf 86' lang='lat' dir='ltr'><strong>auxilio</strong></span> <span class='ocrx_word' id='word_1_47' title='bbox 696 1128 944 1203; x_wconf 87' lang='lat' dir='ltr'><strong>submiserunt</strong></span> <span class='ocrx_word' id='word_1_48' title='bbox 964 1129 1049 1229; x_wconf 81' lang='lat'>(³⁶).</span> <span class='ocrx_word' id='word_1_49' title='bbox 1084 1126 1232 1203; x_wconf 87' lang='lat' dir='ltr'><strong>Deinde</strong></span> <span class='ocrx_word' id='word_1_50' title='bbox 1252 1126 1401 1204; x_wconf 88' lang='lat' dir='ltr'><strong>Phliasii</strong></span> <span class='ocrx_word' id='word_1_51' title='bbox 1423 1134 1595 1233; x_wconf 82' lang='lat' dir='ltr'><strong>angustiis</strong></span> <span class='ocrx_word' id='word_1_52' title='bbox 1615 1137 1876 1231; x_wconf 86' lang='lat' dir='ltr'><strong>crescentibus,</strong></span> 
     </span>
     <span class='ocr_line' id='line_1_7' title="bbox 298 1253 1881 1363; baseline 0.004 -31"><span class='ocrx_word' id='word_1_53' title='bbox 298 1258 394 1332; x_wconf 85' lang='lat' dir='ltr'><strong>fame</strong></span> <span class='ocrx_word' id='word_1_54' title='bbox 426 1259 597 1348; x_wconf 77' lang='lat' dir='ltr'><strong>instante,</strong></span> <span class='ocrx_word' id='word_1_55' title='bbox 633 1254 750 1330; x_wconf 87' lang='lat' dir='ltr'><strong>salute</strong></span> <span class='ocrx_word' id='word_1_56' title='bbox 782 1280 902 1359; x_wconf 89' lang='lat' dir='ltr'><strong>prope</strong></span> <span class='ocrx_word' id='word_1_57' title='bbox 934 1253 1126 1359; x_wconf 90' lang='lat' dir='ltr'><strong>desperata</strong></span> <span class='ocrx_word' id='word_1_58' title='bbox 1157 1255 1203 1329; x_wconf 91' lang='lat' dir='ltr'><strong>ab</strong></span> <span class='ocrx_word' id='word_1_59' title='bbox 1230 1254 1517 1333; x_wconf 83' lang='lat' dir='ltr'><strong>Atheniensibus</strong></span> <span class='ocrx_word' id='word_1_60' title='bbox 1547 1261 1802 1363; x_wconf 85' lang='lat' dir='ltr'><strong>impetrarunt,</strong></span> <span class='ocrx_word' id='word_1_61' title='bbox 1836 1280 1881 1338; x_wconf 89' lang='lat' dir='ltr'><strong>nt</strong></span> 
     </span>
     <span class='ocr_line' id='line_1_8' title="bbox 299 1381 1880 1487; baseline 0.003 -27"><span class='ocrx_word' id='word_1_62' title='bbox 299 1381 499 1461; x_wconf 86' lang='lat' dir='ltr'><strong>Charetem</strong></span> <span class='ocrx_word' id='word_1_63' title='bbox 524 1385 730 1467; x_wconf 82' lang='lat' dir='ltr'><strong>mitterent,</strong></span> <span class='ocrx_word' id='word_1_64' title='bbox 766 1384 832 1486; x_wconf 89' lang='lat' dir='ltr'><strong>qui</strong></span> <span class='ocrx_word' id='word_1_65' title='bbox 856 1384 1092 1458; x_wconf 87' lang='lat' dir='ltr'><strong>comitaretur</strong></span> <span class='ocrx_word' id='word_1_66' title='bbox 1120 1402 1161 1457; x_wconf 91' lang='lat' dir='ltr'><strong>se</strong></span> <span class='ocrx_word' id='word_1_67' title='bbox 1186 1399 1432 1459; x_wconf 89' lang='lat' dir='ltr'><strong>commeatum</strong></span> <span class='ocrx_word' id='word_1_68' title='bbox 1455 1400 1636 1487; x_wconf 87' lang='lat' dir='ltr'><strong>petentes.</strong></span> <span class='ocrx_word' id='word_1_69' title='bbox 1666 1386 1754 1463; x_wconf 88' lang='lat' dir='ltr'><strong>·Ille</strong></span> <span class='ocrx_word' id='word_1_70' title='bbox 1780 1385 1880 1464; x_wconf 85' lang='lat' dir='ltr'><strong>idern</strong></span> 
     </span>
     <span class='ocr_line' id='line_1_9' title="bbox 297 1507 1881 1615; baseline 0.003 -29"><span class='ocrx_word' id='word_1_71' title='bbox 297 1536 376 1587; x_wconf 88' lang='lat' dir='ltr'><strong>non</strong></span> <span class='ocrx_word' id='word_1_72' title='bbox 407 1507 535 1585; x_wconf 90' lang='lat' dir='ltr'><strong>deerat</strong></span> <span class='ocrx_word' id='word_1_73' title='bbox 561 1507 730 1585; x_wconf 89' lang='lat' dir='ltr'><strong>Phliasiis</strong></span> <span class='ocrx_word' id='word_1_74' title='bbox 760 1510 992 1613; x_wconf 81' lang='lat' dir='ltr'><strong>rogantibus,</strong></span> <span class='ocrx_word' id='word_1_75' title='bbox 1026 1525 1069 1585; x_wconf 90' lang='lat' dir='ltr'><strong>ut</strong></span> <span class='ocrx_word' id='word_1_76' title='bbox 1097 1508 1223 1584; x_wconf 89' lang='lat' dir='ltr'><strong>locum</strong></span> <span class='ocrx_word' id='word_1_77' title='bbox 1253 1513 1300 1585; x_wconf 91' lang='lat' dir='ltr'><strong>ab</strong></span> <span class='ocrx_word' id='word_1_78' title='bbox 1326 1508 1508 1615; x_wconf 83' lang='lat' dir='ltr'><strong>Sicyoniis</strong></span> <span class='ocrx_word' id='word_1_79' title='bbox 1537 1515 1577 1587; x_wconf 87' lang='lat' dir='ltr'><strong>in</strong></span> <span class='ocrx_word' id='word_1_80' title='bbox 1608 1512 1777 1589; x_wconf 87' lang='lat' dir='ltr'><strong>confiniis</strong></span> <span class='ocrx_word' id='word_1_81' title='bbox 1805 1517 1881 1591; x_wconf 85' lang='lat' dir='ltr'><strong>suis</strong></span> 
     </span>
     <span class='ocr_line' id='line_1_10' title="bbox 298 1635 1879 1740; baseline 0.002 -27"><span class='ocrx_word' id='word_1_82' title='bbox 298 1640 482 1713; x_wconf 90' lang='lat' dir='ltr'><strong>munitum</strong></span> <span class='ocrx_word' id='word_1_83' title='bbox 512 1638 815 1740; x_wconf 89' lang='lat' dir='ltr'><strong>recuperantibus</strong></span> <span class='ocrx_word' id='word_1_84' title='bbox 844 1652 993 1740; x_wconf 87' lang='lat' dir='ltr'><strong>praesto</strong></span> <span class='ocrx_word' id='word_1_85' title='bbox 1026 1652 1133 1713; x_wconf 83' lang='lat' dir='ltr'><strong>esset.</strong></span> <span class='ocrx_word' id='word_1_86' title='bbox 1181 1635 1239 1713; x_wconf 92' lang='lat' dir='ltr'><strong>Ne</strong></span> <span class='ocrx_word' id='word_1_87' title='bbox 1269 1637 1397 1730; x_wconf 91' lang='lat' dir='ltr'><strong>multa,</strong></span> <span class='ocrx_word' id='word_1_88' title='bbox 1436 1636 1575 1715; x_wconf 82' lang='lat' dir='ltr'><strong>Chares</strong></span> <span class='ocrx_word' id='word_1_89' title='bbox 1598 1639 1879 1716; x_wconf 82' lang='lat' dir='ltr'><strong>Atheniensium</strong></span> 
     </span>
     <span class='ocr_line' id='line_1_11' title="bbox 298 1760 1880 1869; baseline 0.002 -30"><span class='ocrx_word' id='word_1_90' title='bbox 298 1760 479 1839; x_wconf 89' lang='lat' dir='ltr'><strong>mandatis</strong></span> <span class='ocrx_word' id='word_1_91' title='bbox 504 1766 676 1857; x_wconf 74' lang='lat' dir='ltr'><strong>excemit3</strong></span> <span class='ocrx_word' id='word_1_92' title='bbox 705 1767 841 1839; x_wconf 88' lang='lat' dir='ltr'><strong>etenim</strong></span> <span class='ocrx_word' id='word_1_93' title='bbox 865 1788 943 1839; x_wconf 89' lang='lat' dir='ltr'><strong>non</strong></span> <span class='ocrx_word' id='word_1_94' title='bbox 968 1764 1091 1839; x_wconf 92' lang='lat' dir='ltr'><strong>solum</strong></span> <span class='ocrx_word' id='word_1_95' title='bbox 1116 1766 1292 1839; x_wconf 85' lang='lat' dir='ltr'><strong>comitatu</strong></span> <span class='ocrx_word' id='word_1_96' title='bbox 1318 1789 1386 1840; x_wconf 86' lang='lat' dir='ltr'><strong>suo</strong></span> <span class='ocrx_word' id='word_1_97' title='bbox 1405 1762 1586 1840; x_wconf 86' lang='lat' dir='ltr'><strong>Phliasios</strong></span> <span class='ocrx_word' id='word_1_98' title='bbox 1605 1765 1880 1869; x_wconf 84' lang='lat' dir='ltr'><strong>proficiscentes</strong></span> 
     </span>
     <span class='ocr_line' id='line_1_12' title="bbox 298 1889 1879 1984; baseline 0.003 -18"><span class='ocrx_word' id='word_1_99' title='bbox 298 1891 482 1984; x_wconf 86' lang='lat' dir='ltr'><strong>tuebatur,</strong></span> <span class='ocrx_word' id='word_1_100' title='bbox 511 1889 576 1966; x_wconf 89' lang='lat' dir='ltr'><strong>sed</strong></span> <span class='ocrx_word' id='word_1_101' title='bbox 601 1895 709 1967; x_wconf 89' lang='lat' dir='ltr'><strong>etiam</strong></span> <span class='ocrx_word' id='word_1_102' title='bbox 730 1894 771 1966; x_wconf 91' lang='lat' dir='ltr'><strong>in</strong></span> <span class='ocrx_word' id='word_1_103' title='bbox 791 1893 988 1966; x_wconf 86' lang='lat' dir='ltr'><strong>certamina</strong></span> <span class='ocrx_word' id='word_1_104' title='bbox 1008 1916 1092 1964; x_wconf 89' lang='lat' dir='ltr'><strong>cum</strong></span> <span class='ocrx_word' id='word_1_105' title='bbox 1112 1890 1264 1966; x_wconf 86' lang='lat' dir='ltr'><strong>illorum</strong></span> <span class='ocrx_word' id='word_1_106' title='bbox 1283 1890 1451 1968; x_wconf 88' lang='lat' dir='ltr'><strong>hostibus</strong></span> <span class='ocrx_word' id='word_1_107' title='bbox 1470 1919 1509 1968; x_wconf 90' lang='lat' dir='ltr'><strong>se</strong></span> <span class='ocrx_word' id='word_1_108' title='bbox 1527 1896 1736 1970; x_wconf 82' lang='lat' dir='ltr'><strong>immiscuit.</strong></span> <span class='ocrx_word' id='word_1_109' title='bbox 1771 1891 1879 1970; x_wconf 69' lang='lat' dir='ltr'><strong>Poro</strong></span> 
     </span>
     <span class='ocr_line' id='line_1_13' title="bbox 299 1998 1880 2122; baseline 0.003 -30"><span class='ocrx_word' id='word_1_110' title='bbox 299 2045 411 2122; x_wconf 90' lang='lat' dir='ltr'><strong>quam</strong></span> <span class='ocrx_word' id='word_1_111' title='bbox 432 2019 580 2093; x_wconf 90' lang='lat' dir='ltr'><strong>duobus</strong></span> <span class='ocrx_word' id='word_1_112' title='bbox 600 2017 752 2121; x_wconf 85' lang='lat' dir='ltr'><strong>proeliis</strong></span> <span class='ocrx_word' id='word_1_113' title='bbox 771 2018 927 2121; x_wconf 78' lang='lat' dir='ltr'><strong>Argivos</strong></span> <span class='ocrx_word' id='word_1_114' title='bbox 947 2015 1082 2094; x_wconf 83' lang='lat' dir='ltr'><strong>devicit</strong></span> <span class='ocrx_word' id='word_1_115' title='bbox 1102 2014 1167 2094; x_wconf 90' lang='lat' dir='ltr'><strong>Ol.</strong></span> <span class='ocrx_word' id='word_1_116' title='bbox 1188 2020 1274 2094; x_wconf 85' lang='grc'><strong>103.</strong></span> <span class='ocrx_word' id='word_1_117' title='bbox 1290 2021 1328 2111; x_wconf 89' lang='grc'><strong>0,</strong></span> <span class='ocrx_word' id='word_1_118' title='bbox 1357 2018 1537 2096; x_wconf 89' lang='lat' dir='ltr'><strong>Phliasios</strong></span> <span class='ocrx_word' id='word_1_119' title='bbox 1557 2021 1604 2094; x_wconf 94' lang='lat' dir='ltr'><strong>ab</strong></span> <span class='ocrx_word' id='word_1_120' title='bbox 1625 1998 1880 2096; x_wconf 76' lang='lat' dir='ltr'><strong>obsidentibus</strong></span> 
     </span>
     <span class='ocr_line' id='line_1_14' title="bbox 297 2143 1880 2250; baseline 0.001 -30"><span class='ocrx_word' id='word_1_121' title='bbox 297 2143 466 2222; x_wconf 89' lang='lat' dir='ltr'><strong>hostibus</strong></span> <span class='ocrx_word' id='word_1_122' title='bbox 490 2145 671 2221; x_wconf 82' lang='lat' dir='ltr'><strong>liberarit.</strong></span> <span class='ocrx_word' id='word_1_123' title='bbox 719 2144 865 2220; x_wconf 87' lang='lat' dir='ltr'><strong>Horum</strong></span> <span class='ocrx_word' id='word_1_124' title='bbox 890 2148 966 2222; x_wconf 83' lang='lat' dir='ltr'><strong>sive</strong></span> <span class='ocrx_word' id='word_1_125' title='bbox 993 2143 1148 2221; x_wconf 91' lang='lat' dir='ltr'><strong>alterum</strong></span> <span class='ocrx_word' id='word_1_126' title='bbox 1173 2143 1359 2249; x_wconf 88' lang='lat' dir='ltr'><strong>proelium</strong></span> <span class='ocrx_word' id='word_1_127' title='bbox 1387 2149 1464 2223; x_wconf 86' lang='lat' dir='ltr'><strong>sive</strong></span> <span class='ocrx_word' id='word_1_128' title='bbox 1491 2144 1591 2223; x_wconf 88' lang='lat' dir='ltr'><strong>aliud</strong></span> <span class='ocrx_word' id='word_1_129' title='bbox 1615 2145 1683 2223; x_wconf 92' lang='lat' dir='ltr'><strong>illo</strong></span> <span class='ocrx_word' id='word_1_130' title='bbox 1708 2163 1880 2250; x_wconf 84' lang='lat' dir='ltr'><strong>tempore</strong></span> 
     </span>
     <span class='ocr_line' id='line_1_15' title="bbox 298 2267 1879 2365; baseline 0.003 -19"><span class='ocrx_word' id='word_1_131' title='bbox 298 2269 544 2346; x_wconf 87' lang='lat' dir='ltr'><strong>Phliasiorum</strong></span> <span class='ocrx_word' id='word_1_132' title='bbox 569 2273 616 2345; x_wconf 93' lang='lat' dir='ltr'><strong>ab</strong></span> <span class='ocrx_word' id='word_1_133' title='bbox 642 2270 928 2346; x_wconf 83' lang='lat' dir='ltr'><strong>Atheniensibus</strong></span> <span class='ocrx_word' id='word_1_134' title='bbox 952 2267 1162 2346; x_wconf 88' lang='lat' dir='ltr'><strong>adiutorum</strong></span> <span class='ocrx_word' id='word_1_135' title='bbox 1186 2287 1371 2347; x_wconf 85' lang='lat' dir='ltr'><strong>certamen</strong></span> <span class='ocrx_word' id='word_1_136' title='bbox 1398 2272 1481 2365; x_wconf 89' lang='lat' dir='ltr'><strong>suit,</strong></span> <span class='ocrx_word' id='word_1_137' title='bbox 1512 2276 1577 2348; x_wconf 90' lang='lat' dir='ltr'><strong>uni</strong></span> <span class='ocrx_word' id='word_1_138' title='bbox 1602 2290 1702 2349; x_wconf 86' lang='lat' dir='ltr'><strong>certa</strong></span> <span class='ocrx_word' id='word_1_139' title='bbox 1727 2273 1879 2350; x_wconf 85' lang='lat' dir='ltr'><strong>Aeschi-</strong></span> 
     </span>
     <span class='ocr_line' id='line_1_16' title="bbox 299 2394 1877 2498; baseline 0.001 -27"><span class='ocrx_word' id='word_1_140' title='bbox 299 2422 384 2487; x_wconf 90' lang='lat' dir='ltr'><strong>nes,</strong></span> <span class='ocrx_word' id='word_1_141' title='bbox 421 2410 510 2470; x_wconf 88' lang='lat' dir='ltr'><strong>tunc</strong></span> <span class='ocrx_word' id='word_1_142' title='bbox 541 2398 651 2497; x_wconf 81' lang='lat' dir='ltr'><strong>igitur</strong></span> <span class='ocrx_word' id='word_1_143' title='bbox 681 2398 892 2470; x_wconf 80' lang='lat' dir='ltr'><strong>vicesimum</strong></span> <span class='ocrx_word' id='word_1_144' title='bbox 925 2394 1080 2469; x_wconf 87' lang='lat' dir='ltr'><strong>alterum</strong></span> <span class='ocrx_word' id='word_1_145' title='bbox 1110 2394 1188 2469; x_wconf 86' lang='lat' dir='ltr'><strong>fere</strong></span> <span class='ocrx_word' id='word_1_146' title='bbox 1215 2399 1340 2470; x_wconf 88' lang='lat' dir='ltr'><strong>aetatis</strong></span> <span class='ocrx_word' id='word_1_147' title='bbox 1368 2414 1503 2470; x_wconf 88' lang='lat' dir='ltr'><strong>annum</strong></span> <span class='ocrx_word' id='word_1_148' title='bbox 1530 2422 1657 2498; x_wconf 79' lang='lat' dir='ltr'><strong>agens,</strong></span> <span class='ocrx_word' id='word_1_149' title='bbox 1693 2399 1877 2491; x_wconf 75' lang='lat' dir='ltr'><strong>interluit,</strong></span> 
     </span>
     <span class='ocr_line' id='line_1_17' title="bbox 300 2510 1879 2627; baseline 0.001 -29"><span class='ocrx_word' id='word_1_150' title='bbox 300 2545 459 2623; x_wconf 90' lang='lat' dir='ltr'><strong>cumque</strong></span> <span class='ocrx_word' id='word_1_151' title='bbox 485 2525 580 2595; x_wconf 89' lang='lat' dir='ltr'><strong>circa</strong></span> <span class='ocrx_word' id='word_1_152' title='bbox 606 2520 745 2612; x_wconf 92' lang='lat' dir='ltr'><strong>locum,</strong></span> <span class='ocrx_word' id='word_1_153' title='bbox 776 2521 840 2622; x_wconf 90' lang='lat' dir='ltr'><strong>qui</strong></span> <span class='ocrx_word' id='word_1_154' title='bbox 865 2522 1065 2596; x_wconf 86' lang='lat' dir='ltr'><strong>vocabatur</strong></span> <span class='ocrx_word' id='word_1_155' title='bbox 1089 2512 1215 2608; x_wconf 78' lang='grc' dir='ltr'><strong><em>Νεμεὰς</em></strong></span> <span class='ocrx_word' id='word_1_156' title='bbox 1238 2510 1408 2627; x_wconf 71' lang='grc' dir='ltr'>χαράδρα,</span> <span class='ocrx_word' id='word_1_157' title='bbox 1439 2518 1706 2597; x_wconf 88' lang='lat' dir='ltr'><strong>deducentibus</strong></span> <span class='ocrx_word' id='word_1_158' title='bbox 1727 2523 1879 2599; x_wconf 85' lang='lat' dir='ltr'><strong>Aeschi-</strong></span> 
     </span>
     <span class='ocr_line' id='line_1_18' title="bbox 298 2643 1878 2749; baseline 0.001 -27"><span class='ocrx_word' id='word_1_159' title='bbox 298 2650 355 2723; x_wconf 87' lang='lat' dir='ltr'><strong>nis</strong></span> <span class='ocrx_word' id='word_1_160' title='bbox 380 2646 595 2749; x_wconf 84' lang='lat' dir='ltr'><strong>aequalibus</strong></span> <span class='ocrx_word' id='word_1_161' title='bbox 621 2649 929 2749; x_wconf 85' lang='lat' dir='ltr'><strong>mercenariisque</strong></span> <span class='ocrx_word' id='word_1_162' title='bbox 954 2643 1234 2720; x_wconf 89' lang='lat' dir='ltr'><strong>Atheniensium</strong></span> <span class='ocrx_word' id='word_1_163' title='bbox 1260 2645 1467 2748; x_wconf 90' lang='lat' dir='ltr'><strong>periculum</strong></span> <span class='ocrx_word' id='word_1_164' title='bbox 1493 2651 1705 2741; x_wconf 82' lang='lat' dir='ltr'><strong>exstitisset,</strong></span> <span class='ocrx_word' id='word_1_165' title='bbox 1739 2652 1789 2723; x_wconf 90' lang='lat' dir='ltr'><strong>ita</strong></span> <span class='ocrx_word' id='word_1_166' title='bbox 1818 2674 1878 2724; x_wconf 88' lang='lat' dir='ltr'><strong>ex·</strong></span> 
     </span>
     <span class='ocr_line' id='line_1_19' title="bbox 298 2768 1882 2873; baseline 0.001 -23"><span class='ocrx_word' id='word_1_167' title='bbox 298 2774 426 2851; x_wconf 83' lang='lat' dir='ltr'><strong>calluit</strong></span> <span class='ocrx_word' id='word_1_168' title='bbox 450 2773 652 2849; x_wconf 87' lang='lat' dir='ltr'><strong>Aeschines</strong></span> <span class='ocrx_word' id='word_1_169' title='bbox 677 2776 830 2864; x_wconf 80' lang='lat' dir='ltr'><strong>virtute,</strong></span> <span class='ocrx_word' id='word_1_170' title='bbox 864 2788 907 2848; x_wconf 93' lang='lat' dir='ltr'><strong>ut</strong></span> <span class='ocrx_word' id='word_1_171' title='bbox 930 2768 1057 2847; x_wconf 87' lang='lat' dir='ltr'><strong>laudes</strong></span> <span class='ocrx_word' id='word_1_172' title='bbox 1084 2775 1119 2850; x_wconf 91' lang='lat' dir='ltr'><strong>ei</strong></span> <span class='ocrx_word' id='word_1_173' title='bbox 1143 2797 1164 2845; x_wconf 90' lang='lat' dir='ltr'><strong>a</strong></span> <span class='ocrx_word' id='word_1_174' title='bbox 1191 2771 1347 2848; x_wconf 88' lang='lat' dir='ltr'><strong>ducibus</strong></span> <span class='ocrx_word' id='word_1_175' title='bbox 1372 2771 1556 2850; x_wconf 86' lang='lat' dir='ltr'><strong>ferrentur</strong></span> <span class='ocrx_word' id='word_1_176' title='bbox 1577 2777 1663 2873; x_wconf 74' lang='lat'><strong>(³⁷).</strong></span> <span class='ocrx_word' id='word_1_177' title='bbox 1710 2772 1882 2870; x_wconf 87' lang='lat' dir='ltr'><strong>Quatuor</strong></span> 
     </span>
    </p>
   </div>
   <div class='ocr_carea' id='block_1_3' title="bbox 299 3062 1879 3462">
    <p class='ocr_par' dir='ltr' id='par_1_3' title="bbox 335 3062 864 3147">
     <span class='ocr_line' id='line_1_20' title="bbox 335 3062 864 3147; baseline -0.019 -15"><span class='ocrx_word' id='word_1_178' title='bbox 335 3065 398 3146; x_wconf 81' lang='lat'><strong>(³⁴)</strong></span> <span class='ocrx_word' id='word_1_179' title='bbox 429 3067 505 3129; x_wconf 76' lang='lat' dir='ltr'><strong>Xen-</strong></span> <span class='ocrx_word' id='word_1_180' title='bbox 526 3067 605 3129; x_wconf 80' lang='lat' dir='ltr'><strong>Heli.</strong></span> <span class='ocrx_word' id='word_1_181' title='bbox 627 3066 734 3127; x_wconf 73' lang='lat' dir='ltr'><strong>Vlla.</strong></span> <span class='ocrx_word' id='word_1_182' title='bbox 756 3062 807 3147; x_wconf 77' lang='lat'><strong>§2</strong></span> <span class='ocrx_word' id='word_1_183' title='bbox 821 3087 864 3144; x_wconf 88' lang='lat' dir='ltr'><strong>sq.</strong></span> 
     </span>
    </p>

    <p class='ocr_par' dir='ltr' id='par_1_4' title="bbox 341 3180 814 3265">
     <span class='ocr_line' id='line_1_21' title="bbox 341 3180 814 3265; baseline -0.036 -14"><span class='ocrx_word' id='word_1_184' title='bbox 341 3183 398 3265; x_wconf 77' lang='lat'><strong>(³⁶)</strong></span> <span class='ocrx_word' id='word_1_185' title='bbox 427 3185 519 3246; x_wconf 89' lang='lat' dir='ltr'><strong>Diod.</strong></span> <span class='ocrx_word' id='word_1_186' title='bbox 540 3184 601 3245; x_wconf 81' lang='lat' dir='ltr'><strong>stc.</strong></span> <span class='ocrx_word' id='word_1_187' title='bbox 622 3184 688 3241; x_wconf 84' lang='lat' dir='ltr'><strong>XV.</strong></span> <span class='ocrx_word' id='word_1_188' title='bbox 700 3180 749 3240; x_wconf 84' lang='lat'><strong>67.</strong></span> <span class='ocrx_word' id='word_1_189' title='bbox 810 3244 814 3250; x_wconf 45' lang='grc'><strong>,</strong></span> 
     </span>
    </p>

    <p class='ocr_par' dir='ltr' id='par_1_5' title="bbox 299 3286 1879 3462">
     <span class='ocr_line' id='line_1_22' title="bbox 341 3286 1879 3382; baseline -0.004 -48"><span class='ocrx_word' id='word_1_190' title='bbox 341 3298 398 3381; x_wconf 75' lang='lat' dir='ltr'><strong>(st)</strong></span> <span class='ocrx_word' id='word_1_191' title='bbox 429 3301 506 3361; x_wconf 81' lang='lat' dir='ltr'><strong>Xen.</strong></span> <span class='ocrx_word' id='word_1_192' title='bbox 528 3299 580 3359; x_wconf 78' lang='lat' dir='ltr'><strong>ll·</strong></span> <span class='ocrx_word' id='word_1_193' title='bbox 600 3293 683 3380; x_wconf 65' lang='grc'><strong>510.</strong></span> <span class='ocrx_word' id='word_1_194' title='bbox 702 3292 740 3359; x_wconf 82' lang='lat' dir='ltr'><strong>ci.</strong></span> <span class='ocrx_word' id='word_1_195' title='bbox 762 3306 836 3358; x_wconf 71' lang='lat' dir='ltr'><strong>orat.</strong></span> <span class='ocrx_word' id='word_1_196' title='bbox 857 3287 918 3382; x_wconf 67' lang='lat' dir='ltr'><strong>trapi</strong></span> <span class='ocrx_word' id='word_1_197' title='bbox 933 3286 1100 3380; x_wconf 73' lang='grc' dir='ltr'><strong><em>συνεάξεωε</em></strong></span> <span class='ocrx_word' id='word_1_198' title='bbox 1120 3317 1149 3379; x_wconf 82' lang='lat' dir='ltr'><strong>p·</strong></span> <span class='ocrx_word' id='word_1_199' title='bbox 1157 3293 1217 3358; x_wconf 83' lang='lat'><strong>175</strong></span> <span class='ocrx_word' id='word_1_200' title='bbox 1231 3294 1291 3372; x_wconf 84' lang='lat' dir='ltr'><strong>fin,</strong></span> <span class='ocrx_word' id='word_1_201' title='bbox 1311 3294 1446 3359; x_wconf 75' lang='lat' dir='ltr'><strong>auxilium</strong></span> <span class='ocrx_word' id='word_1_202' title='bbox 1458 3294 1591 3360; x_wconf 56' lang='lat' dir='ltr'><strong>liminii,</strong></span> <span class='ocrx_word' id='word_1_203' title='bbox 1605 3298 1722 3361; x_wconf 50' lang='lat' dir='ltr'><strong>missum</strong></span> <span class='ocrx_word' id='word_1_204' title='bbox 1735 3300 1772 3362; x_wconf 61' lang='lat' dir='ltr'><strong>,b</strong></span> <span class='ocrx_word' id='word_1_205' title='bbox 1785 3298 1879 3381; x_wconf 49' lang='lat' dir='ltr'><strong>Am·</strong></span> 
     </span>
     <span class='ocr_line' id='line_1_23' title="bbox 299 3398 455 3462; baseline -0.038 1"><span class='ocrx_word' id='word_1_206' title='bbox 299 3398 455 3462; x_wconf 88' lang='lat' dir='ltr'><strong>niensibus.</strong></span> 
     </span>
    </p>
   </div>
   <div class='ocr_carea' id='block_1_4' title="bbox 342 3506 1879 3602">
    <p class='ocr_par' dir='ltr' id='par_1_6' title="bbox 342 3506 1879 3602">
     <span class='ocr_line' id='line_1_24' title="bbox 342 3506 1879 3602; baseline 0.005 -26"><span class='ocrx_word' id='word_1_207' title='bbox 342 3515 400 3596; x_wconf 73' lang='lat'>(³⁷)</span> <span class='ocrx_word' id='word_1_208' title='bbox 429 3515 558 3578; x_wconf 87' lang='lat' dir='ltr'><strong>Diodori</strong></span> <span class='ocrx_word' id='word_1_209' title='bbox 579 3516 676 3579; x_wconf 88' lang='lat' dir='ltr'><strong>locum</strong></span> <span class='ocrx_word' id='word_1_210' title='bbox 689 3514 755 3576; x_wconf 83' lang='lat' dir='ltr'><strong>XV.</strong></span> <span class='ocrx_word' id='word_1_211' title='bbox 766 3512 806 3577; x_wconf 87' lang='grc'><strong>76</strong></span> <span class='ocrx_word' id='word_1_212' title='bbox 820 3513 877 3577; x_wconf 86' lang='lat' dir='ltr'><strong>hue</strong></span> <span class='ocrx_word' id='word_1_213' title='bbox 891 3512 1077 3577; x_wconf 80' lang='lat' dir='ltr'><strong>referendum</strong></span> <span class='ocrx_word' id='word_1_214' title='bbox 1090 3528 1164 3590; x_wconf 85' lang='lat' dir='ltr'><strong>esse,</strong></span> <span class='ocrx_word' id='word_1_215' title='bbox 1185 3514 1255 3577; x_wconf 85' lang='lat' dir='ltr'><strong>item</strong></span> <span class='ocrx_word' id='word_1_216' title='bbox 1268 3512 1374 3579; x_wconf 88' lang='lat' dir='ltr'><strong>Aesch.</strong></span> <span class='ocrx_word' id='word_1_217' title='bbox 1388 3506 1450 3601; x_wconf 73' lang='lat' dir='ltr'><strong>rapi</strong></span> <span class='ocrx_word' id='word_1_218' title='bbox 1463 3509 1571 3602; x_wconf 70' lang='grc' dir='ltr'><strong>πρεεβ.</strong></span> <span class='ocrx_word' id='word_1_219' title='bbox 1585 3516 1729 3598; x_wconf 60' lang='lat' dir='ltr'><strong>pauet.</strong></span> <span class='ocrx_word' id='word_1_220' title='bbox 1754 3519 1879 3583; x_wconf 83' lang='lat' dir='ltr'><strong>Schnei-</strong></span> 
     </span>
    </p>
   </div>
   <div class='ocr_carea' id='block_1_5' title="bbox 195 3614 1880 3703">
    <p class='ocr_par' dir='ltr' id='par_1_7' title="bbox 195 3614 1880 3703">
     <span class='ocr_line' id='line_1_25' title="bbox 195 3614 1880 3703; baseline 0.003 -23"><span class='ocrx_word' id='word_1_221' title='bbox 195 3694 201 3703; x_wconf 35' lang='lat'><strong>·</strong></span> <span class='ocrx_word' id='word_1_222' title='bbox 299 3619 386 3680; x_wconf 83' lang='lat' dir='ltr'><strong>denas</strong></span> <span class='ocrx_word' id='word_1_223' title='bbox 410 3616 448 3679; x_wconf 90' lang='lat' dir='ltr'><strong>ad</strong></span> <span class='ocrx_word' id='word_1_224' title='bbox 473 3617 549 3679; x_wconf 82' lang='lat' dir='ltr'><strong>ileu.</strong></span> <span class='ocrx_word' id='word_1_225' title='bbox 570 3617 589 3678; x_wconf 91' lang='grc' dir='ltr'><strong>Ι.</strong></span> <span class='ocrx_word' id='word_1_226' title='bbox 602 3637 628 3680; x_wconf 85' lang='lat' dir='ltr'><strong>e·</strong></span> <span class='ocrx_word' id='word_1_227' title='bbox 655 3627 687 3680; x_wconf 83' lang='lat' dir='ltr'><strong>et</strong></span> <span class='ocrx_word' id='word_1_228' title='bbox 706 3614 887 3681; x_wconf 79' lang='lat' dir='ltr'><strong>Winiewtki</strong></span> <span class='ocrx_word' id='word_1_229' title='bbox 908 3627 1064 3679; x_wconf 82' lang='lat' dir='ltr'><strong>comment.</strong></span> <span class='ocrx_word' id='word_1_230' title='bbox 1090 3614 1128 3676; x_wconf 92' lang='lat' dir='ltr'><strong>ad</strong></span> <span class='ocrx_word' id='word_1_231' title='bbox 1149 3626 1223 3676; x_wconf 77' lang='lat' dir='ltr'><strong>orat</strong></span> <span class='ocrx_word' id='word_1_232' title='bbox 1243 3616 1331 3678; x_wconf 85' lang='lat' dir='ltr'><strong>Deru.</strong></span> <span class='ocrx_word' id='word_1_233' title='bbox 1352 3616 1473 3681; x_wconf 86' lang='lat' dir='ltr'><strong>decor.</strong></span> <span class='ocrx_word' id='word_1_234' title='bbox 1495 3616 1582 3698; x_wconf 65' lang='lat' dir='ltr'><strong>,aaa</strong></span> <span class='ocrx_word' id='word_1_235' title='bbox 1603 3620 1719 3692; x_wconf 84' lang='lat' dir='ltr'><strong>volunt;</strong></span> <span class='ocrx_word' id='word_1_236' title='bbox 1745 3632 1776 3683; x_wconf 78' lang='lat' dir='ltr'><strong>ei</strong></span> <span class='ocrx_word' id='word_1_237' title='bbox 1801 3621 1880 3685; x_wconf 84' lang='lat' dir='ltr'><strong>aliud</strong></span> 
     </span>
    </p>
   </div>
   <div class='ocr_carea' id='block_1_6' title="bbox 299 3707 1881 5011">
    <p class='ocr_par' dir='ltr' id='par_1_8' title="bbox 299 3707 1881 5011">
     <span class='ocr_line' id='line_1_26' title="bbox 299 3707 1880 3803; baseline 0.002 -21"><span class='ocrx_word' id='word_1_238' title='bbox 299 3738 417 3801; x_wconf 90' lang='lat' dir='ltr'><strong>quoque</strong></span> <span class='ocrx_word' id='word_1_239' title='bbox 436 3717 495 3781; x_wconf 90' lang='lat' dir='ltr'><strong>hoc</strong></span> <span class='ocrx_word' id='word_1_240' title='bbox 515 3717 552 3780; x_wconf 90' lang='lat' dir='ltr'><strong>ad</strong></span> <span class='ocrx_word' id='word_1_241' title='bbox 572 3710 705 3786; x_wconf 68' lang='grc' dir='ltr'><strong><em>Νεμεάδα</em></strong></span> <span class='ocrx_word' id='word_1_242' title='bbox 725 3707 880 3803; x_wconf 70' lang='grc' dir='ltr'><strong>χαράδραν</strong></span> <span class='ocrx_word' id='word_1_243' title='bbox 900 3715 1045 3798; x_wconf 83' lang='lat' dir='ltr'><strong>proelium</strong></span> <span class='ocrx_word' id='word_1_244' title='bbox 1065 3714 1133 3779; x_wconf 85' lang='lat' dir='ltr'><strong>huie</strong></span> <span class='ocrx_word' id='word_1_245' title='bbox 1154 3714 1216 3778; x_wconf 87' lang='lat' dir='ltr'><strong>iere</strong></span> <span class='ocrx_word' id='word_1_246' title='bbox 1237 3716 1317 3798; x_wconf 86' lang='lat' dir='ltr'><strong>quod</strong></span> <span class='ocrx_word' id='word_1_247' title='bbox 1337 3716 1464 3800; x_wconf 71' lang='lat' dir='ltr'><strong>migret</strong></span> <span class='ocrx_word' id='word_1_248' title='bbox 1482 3719 1610 3799; x_wconf 76' lang='lat' dir='ltr'><strong>tempori</strong></span> <span class='ocrx_word' id='word_1_249' title='bbox 1630 3734 1830 3803; x_wconf 73' lang='lat' dir='ltr'><strong>argumentum</strong></span> <span class='ocrx_word' id='word_1_250' title='bbox 1848 3723 1880 3785; x_wconf 87' lang='lat' dir='ltr'><strong>iu</strong></span> 
     </span>
     <span class='ocr_line' id='line_1_27' title="bbox 300 3808 1881 3904; baseline -0.001 -22"><span class='ocrx_word' id='word_1_251' title='bbox 300 3832 417 3903; x_wconf 87' lang='lat' dir='ltr'><strong>promtu</strong></span> <span class='ocrx_word' id='word_1_252' title='bbox 437 3817 540 3880; x_wconf 83' lang='lat' dir='ltr'><strong>habeo.</strong></span> <span class='ocrx_word' id='word_1_253' title='bbox 583 3819 727 3900; x_wconf 82' lang='lat' dir='ltr'><strong>Harpocr.</strong></span> <span class='ocrx_word' id='word_1_254' title='bbox 749 3838 771 3878; x_wconf 83' lang='lat' dir='ltr'><strong>s.</strong></span> <span class='ocrx_word' id='word_1_255' title='bbox 783 3839 811 3878; x_wconf 86' lang='lat' dir='ltr'><strong>v.</strong></span> <span class='ocrx_word' id='word_1_256' title='bbox 832 3812 941 3887; x_wconf 72' lang='grc' dir='ltr'><strong><em>Νεμεᾶς</em></strong></span> <span class='ocrx_word' id='word_1_257' title='bbox 962 3808 1114 3903; x_wconf 65' lang='grc' dir='ltr'>χαράδρα·</span> <span class='ocrx_word' id='word_1_258' title='bbox 1135 3809 1277 3896; x_wconf 70' lang='grc' dir='ltr'><strong>Αἶωχῖνης</strong></span> <span class='ocrx_word' id='word_1_259' title='bbox 1297 3808 1358 3904; x_wconf 66' lang='grc' dir='ltr'><strong>περὶ</strong></span> <span class='ocrx_word' id='word_1_260' title='bbox 1380 3821 1431 3890; x_wconf 70' lang='grc' dir='ltr'><strong>τῆς</strong></span> <span class='ocrx_word' id='word_1_261' title='bbox 1450 3811 1623 3903; x_wconf 62' lang='grc' dir='ltr'><strong>πρεσβείας·</strong></span> <span class='ocrx_word' id='word_1_262' title='bbox 1645 3813 1717 3880; x_wconf 71' lang='grc' dir='ltr'><strong>οὕτω</strong></span> <span class='ocrx_word' id='word_1_263' title='bbox 1737 3813 1825 3886; x_wconf 74' lang='grc' dir='ltr'><strong>τὸπεε</strong></span> <span class='ocrx_word' id='word_1_264' title='bbox 1838 3845 1881 3887; x_wconf 80' lang='lat' dir='ltr'><strong>rac</strong></span> 
     </span>
     <span class='ocr_line' id='line_1_28' title="bbox 299 3907 1879 4004; baseline 0.003 -23"><span class='ocrx_word' id='word_1_265' title='bbox 299 3921 425 3981; x_wconf 76' lang='grc' dir='ltr'><strong>ἐκαλεῖτο</strong></span> <span class='ocrx_word' id='word_1_266' title='bbox 446 3917 475 3978; x_wconf 80' lang='lat' dir='ltr'><strong>iv</strong></span> <span class='ocrx_word' id='word_1_267' title='bbox 494 3912 712 3996; x_wconf 62' lang='grc' dir='ltr'><strong>Πελοποννήσῳ.</strong></span> <span class='ocrx_word' id='word_1_268' title='bbox 736 3911 879 3991; x_wconf 70' lang='grc' dir='ltr'>“πλησ·εόν</span> <span class='ocrx_word' id='word_1_269' title='bbox 899 3920 950 3991; x_wconf 76' lang='grc' dir='ltr'><strong>τῆς</strong></span> <span class='ocrx_word' id='word_1_270' title='bbox 969 3908 1077 3990; x_wconf 68' lang='lat' dir='ltr'><strong>Neuius</strong></span> <span class='ocrx_word' id='word_1_271' title='bbox 1097 3911 1273 4003; x_wconf 60' lang='grc' dir='ltr'><strong>’χαράδραὲ</strong></span> <span class='ocrx_word' id='word_1_272' title='bbox 1291 3907 1415 4004; x_wconf 66' lang='grc' dir='ltr'>Ἔφορος</span> <span class='ocrx_word' id='word_1_273' title='bbox 1435 3917 1463 3978; x_wconf 76' lang='grc' dir='ltr'><strong>ἰν</strong></span> <span class='ocrx_word' id='word_1_274' title='bbox 1483 3909 1541 3997; x_wconf 74' lang='grc' dir='ltr'><strong>κγ’.</strong></span> <span class='ocrx_word' id='word_1_275' title='bbox 1563 3919 1610 3997; x_wconf 84' lang='lat' dir='ltr'><strong>(in</strong></span> <span class='ocrx_word' id='word_1_276' title='bbox 1629 3919 1769 3984; x_wconf 72' lang='lat' dir='ltr'><strong>vicesimo</strong></span> <span class='ocrx_word' id='word_1_277' title='bbox 1789 3922 1879 3986; x_wconf 75' lang='lat' dir='ltr'><strong>lertio</strong></span> 
     </span>
     <span class='ocr_line' id='line_1_29' title="bbox 299 4007 1879 4104; baseline 0.003 -22"><span class='ocrx_word' id='word_1_278' title='bbox 299 4022 402 4101; x_wconf 85' lang='lat' dir='ltr'><strong>libro).</strong></span> <span class='ocrx_word' id='word_1_279' title='bbox 444 4018 535 4082; x_wconf 82' lang='lat' dir='ltr'><strong>Diod.</strong></span> <span class='ocrx_word' id='word_1_280' title='bbox 556 4018 618 4080; x_wconf 88' lang='lat' dir='ltr'><strong>Sic.</strong></span> <span class='ocrx_word' id='word_1_281' title='bbox 639 4017 718 4079; x_wconf 69' lang='lat' dir='ltr'><strong>XVI</strong></span> <span class='ocrx_word' id='word_1_282' title='bbox 730 4016 780 4079; x_wconf 83' lang='lat'><strong>76:</strong></span> <span class='ocrx_word' id='word_1_283' title='bbox 799 4007 920 4104; x_wconf 70' lang='grc' dir='ltr'>Ἔφορος</span> <span class='ocrx_word' id='word_1_284' title='bbox 939 4011 989 4090; x_wconf 67' lang='grc' dir='ltr'><strong>τῆν</strong></span> <span class='ocrx_word' id='word_1_285' title='bbox 1009 4010 1131 4104; x_wconf 64' lang='grc' dir='ltr'><strong>ἱστορίαν</strong></span> <span class='ocrx_word' id='word_1_286' title='bbox 1150 4009 1261 4078; x_wconf 66' lang='grc' dir='ltr'><strong><em>ἐνθάδε</em></strong></span> <span class='ocrx_word' id='word_1_287' title='bbox 1282 4016 1469 4098; x_wconf 82' lang='lat' dir='ltr'><strong>(Nicomachi</strong></span> <span class='ocrx_word' id='word_1_288' title='bbox 1490 4037 1565 4080; x_wconf 84' lang='lat' dir='ltr'><strong>anno</strong></span> <span class='ocrx_word' id='word_1_289' title='bbox 1588 4018 1757 4093; x_wconf 75' lang='lat' dir='ltr'><strong>OL109.4;</strong></span> <span class='ocrx_word' id='word_1_290' title='bbox 1777 4019 1837 4086; x_wconf 75' lang='grc'><strong>341</strong></span> <span class='ocrx_word' id='word_1_291' title='bbox 1854 4042 1879 4085; x_wconf 77' lang='lat' dir='ltr'><strong>a.</strong></span> 
     </span>
     <span class='ocr_line' id='line_1_30' title="bbox 301 4111 1880 4206; baseline 0.002 -25"><span class='ocrx_word' id='word_1_292' title='bbox 301 4120 387 4200; x_wconf 86' lang='lat' dir='ltr'><strong>Chr.)</strong></span> <span class='ocrx_word' id='word_1_293' title='bbox 408 4112 599 4205; x_wconf 72' lang='lat' dir='ltr'><strong>uaricrpodirv</strong></span> <span class='ocrx_word' id='word_1_294' title='bbox 619 4119 659 4183; x_wconf 80' lang='grc' dir='ltr'><strong>εἷς</strong></span> <span class='ocrx_word' id='word_1_295' title='bbox 678 4115 728 4191; x_wconf 71' lang='grc' dir='ltr'><strong>τὴν</strong></span> <span class='ocrx_word' id='word_1_296' title='bbox 748 4112 888 4205; x_wconf 63' lang='grc' dir='ltr'><strong>Περίνθου</strong></span> <span class='ocrx_word' id='word_1_297' title='bbox 909 4111 1068 4204; x_wconf 58' lang='grc' dir='ltr'>πολιορκίαν</span> <span class='ocrx_word' id='word_1_298' title='bbox 1089 4150 1129 4166; x_wconf 91' lang='grc'><strong>-</strong></span> <span class='ocrx_word' id='word_1_299' title='bbox 1150 4112 1308 4205; x_wconf 67' lang='grc' dir='ltr'><strong>ἀρξάμενος</strong></span> <span class='ocrx_word' id='word_1_300' title='bbox 1327 4114 1384 4179; x_wconf 70' lang='lat' dir='ltr'><strong>dri</strong></span> <span class='ocrx_word' id='word_1_301' title='bbox 1405 4121 1456 4192; x_wconf 70' lang='grc' dir='ltr'><strong>τῆς</strong></span> <span class='ocrx_word' id='word_1_302' title='bbox 1468 4121 1523 4178; x_wconf 83' lang='lat' dir='ltr'><strong>ro&#39;iv</strong></span> <span class='ocrx_word' id='word_1_303' title='bbox 1534 4115 1724 4206; x_wconf 66' lang='grc' dir='ltr'><strong>Ἡρακλειδῶν</strong></span> <span class='ocrx_word' id='word_1_304' title='bbox 1736 4114 1880 4183; x_wconf 72' lang='grc' dir='ltr'><strong>καθόδου.</strong></span> 
     </span>
     <span class='ocr_line' id='line_1_31' title="bbox 301 4208 1880 4308; baseline 0.001 -28"><span class='ocrx_word' id='word_1_305' title='bbox 301 4214 404 4306; x_wconf 59' lang='grc' dir='ltr'><strong>εχρόνεν</strong></span> <span class='ocrx_word' id='word_1_306' title='bbox 425 4212 457 4282; x_wconf 62' lang='grc' dir='ltr'><strong>δὲ</strong></span> <span class='ocrx_word' id='word_1_307' title='bbox 476 4213 630 4308; x_wconf 64' lang='grc' dir='ltr'><strong><em>περεῖλαβε</em></strong></span> <span class='ocrx_word' id='word_1_308' title='bbox 652 4214 764 4298; x_wconf 69' lang='grc' dir='ltr'><strong><em>σχεδὸν</em></strong></span> <span class='ocrx_word' id='word_1_309' title='bbox 783 4218 851 4279; x_wconf 78' lang='lat' dir='ltr'><strong>iroiv</strong></span> <span class='ocrx_word' id='word_1_310' title='bbox 870 4213 1043 4279; x_wconf 70' lang='grc' dir='ltr'><strong><em>ἓεπεεεεοσῖων</em></strong></span> <span class='ocrx_word' id='word_1_311' title='bbox 1063 4210 1111 4279; x_wconf 78' lang='lat' dir='ltr'><strong>usti</strong></span> <span class='ocrx_word' id='word_1_312' title='bbox 1131 4211 1313 4293; x_wconf 65' lang='grc' dir='ltr'><strong>πεντήκοντα,</strong></span> <span class='ocrx_word' id='word_1_313' title='bbox 1339 4208 1388 4280; x_wconf 78' lang='lat' dir='ltr'><strong>nal</strong></span> <span class='ocrx_word' id='word_1_314' title='bbox 1413 4212 1545 4287; x_wconf 61' lang='grc' dir='ltr'><strong>βίβλους</strong></span> <span class='ocrx_word' id='word_1_315' title='bbox 1568 4211 1702 4307; x_wconf 65' lang='grc' dir='ltr'><strong>γε’γραφε</strong></span> <span class='ocrx_word' id='word_1_316' title='bbox 1722 4213 1880 4307; x_wconf 64' lang='grc' dir='ltr'><strong>τριάκοντα.</strong></span> 
     </span>
     <span class='ocr_line' id='line_1_32' title="bbox 300 4309 1879 4406; baseline 0.001 -27"><span class='ocrx_word' id='word_1_317' title='bbox 300 4321 378 4383; x_wconf 80' lang='lat' dir='ltr'><strong>vide</strong></span> <span class='ocrx_word' id='word_1_318' title='bbox 398 4334 499 4402; x_wconf 86' lang='lat' dir='ltr'><strong>porro.</strong></span> <span class='ocrx_word' id='word_1_319' title='bbox 520 4321 611 4406; x_wconf 80' lang='lat' dir='ltr'><strong>Diog.</strong></span> <span class='ocrx_word' id='word_1_320' title='bbox 632 4316 730 4382; x_wconf 78' lang='lat' dir='ltr'><strong>Laeti.</strong></span> <span class='ocrx_word' id='word_1_321' title='bbox 751 4317 856 4381; x_wconf 74' lang='lat' dir='ltr'><strong>ilbi:</strong></span> <span class='ocrx_word' id='word_1_322' title='bbox 884 4317 899 4380; x_wconf 76' lang='grc' dir='ltr'><strong>ὅ</strong></span> <span class='ocrx_word' id='word_1_323' title='bbox 927 4309 958 4380; x_wconf 60' lang='grc' dir='ltr'><strong>δὲ</strong></span> <span class='ocrx_word' id='word_1_324' title='bbox 978 4312 1104 4406; x_wconf 70' lang='grc' dir='ltr'>Γρύλλος</span> <span class='ocrx_word' id='word_1_325' title='bbox 1127 4313 1299 4400; x_wconf 75' lang='grc' dir='ltr'><strong><em>τεεαγμένεε</em></strong></span> <span class='ocrx_word' id='word_1_326' title='bbox 1323 4315 1399 4382; x_wconf 74' lang='grc' dir='ltr'><strong>κατε)</strong></span> <span class='ocrx_word' id='word_1_327' title='bbox 1419 4317 1487 4385; x_wconf 77' lang='lat' dir='ltr'><strong>rods</strong></span> <span class='ocrx_word' id='word_1_328' title='bbox 1507 4312 1611 4384; x_wconf 68' lang='lat' dir='ltr'><strong>irrisa</strong></span> <span class='ocrx_word' id='word_1_329' title='bbox 1635 4312 1683 4399; x_wconf 67' lang='grc' dir='ltr'><strong>(ἦν</strong></span> <span class='ocrx_word' id='word_1_330' title='bbox 1704 4311 1735 4381; x_wconf 77' lang='lat' dir='ltr'><strong>dl</strong></span> <span class='ocrx_word' id='word_1_331' title='bbox 1756 4322 1773 4394; x_wconf 75' lang='grc' dir='ltr'><strong><em>ἦ</em></strong></span> <span class='ocrx_word' id='word_1_332' title='bbox 1793 4316 1879 4401; x_wconf 69' lang='grc' dir='ltr'><strong>μάχη</strong></span> 
     </span>
     <span class='ocr_line' id='line_1_33' title="bbox 300 4406 1881 4509; baseline -0.002 -28"><span class='ocrx_word' id='word_1_333' title='bbox 300 4414 362 4508; x_wconf 70' lang='grc' dir='ltr'><strong>περὶ</strong></span> <span class='ocrx_word' id='word_1_334' title='bbox 383 4416 562 4499; x_wconf 73' lang='grc' dir='ltr'><strong>Μανεῖνεεεεν)</strong></span> <span class='ocrx_word' id='word_1_335' title='bbox 583 4406 713 4509; x_wconf 67' lang='grc' dir='ltr'><strong>ἶεχυρῶε</strong></span> <span class='ocrx_word' id='word_1_336' title='bbox 733 4415 951 4500; x_wconf 48' lang='lat' dir='ltr'><strong>&amp;eversionum</strong></span> <span class='ocrx_word' id='word_1_337' title='bbox 965 4413 1153 4493; x_wconf 67' lang='grc' dir='ltr'><strong>ἰτελεύεησεν,</strong></span> <span class='ocrx_word' id='word_1_338' title='bbox 1175 4415 1212 4486; x_wconf 75' lang='lat' dir='ltr'><strong>aie</strong></span> <span class='ocrx_word' id='word_1_339' title='bbox 1232 4433 1320 4499; x_wconf 60' lang='grc' dir='ltr'><strong><em>φησιν</em></strong></span> <span class='ocrx_word' id='word_1_340' title='bbox 1336 4412 1460 4508; x_wconf 69' lang='grc' dir='ltr'>Ἔφορος</span> <span class='ocrx_word' id='word_1_341' title='bbox 1478 4421 1508 4481; x_wconf 75' lang='lat' dir='ltr'><strong>tv</strong></span> <span class='ocrx_word' id='word_1_342' title='bbox 1526 4425 1563 4501; x_wconf 68' lang='grc' dir='ltr'><strong>τῇ</strong></span> <span class='ocrx_word' id='word_1_343' title='bbox 1582 4414 1694 4500; x_wconf 66' lang='lat' dir='ltr'><strong>nium</strong></span> <span class='ocrx_word' id='word_1_344' title='bbox 1706 4413 1755 4479; x_wconf 75' lang='lat' dir='ltr'><strong>noi</strong></span> <span class='ocrx_word' id='word_1_345' title='bbox 1769 4421 1881 4503; x_wconf 71' lang='grc' dir='ltr'><strong>εἰκεεεξῐ</strong></span> 
     </span>
     <span class='ocr_line' id='line_1_34' title="bbox 301 4514 1879 4607; baseline 0 -24"><span class='ocrx_word' id='word_1_346' title='bbox 301 4529 403 4583; x_wconf 57' lang='lat' dir='ltr'><strong>nni„</strong></span> <span class='ocrx_word' id='word_1_347' title='bbox 444 4514 492 4581; x_wconf 88' lang='lat' dir='ltr'><strong>Ab</strong></span> <span class='ocrx_word' id='word_1_348' title='bbox 513 4530 589 4584; x_wconf 80' lang='lat' dir='ltr'><strong>anno</strong></span> <span class='ocrx_word' id='word_1_349' title='bbox 608 4523 702 4604; x_wconf 86' lang='grc'><strong>(360)</strong></span> <span class='ocrx_word' id='word_1_350' title='bbox 722 4523 772 4586; x_wconf 88' lang='grc'><strong>01.</strong></span> <span class='ocrx_word' id='word_1_351' title='bbox 784 4519 880 4584; x_wconf 76' lang='grc'><strong>1040</strong></span> <span class='ocrx_word' id='word_1_352' title='bbox 901 4521 992 4607; x_wconf 80' lang='lat' dir='ltr'><strong>igitur</strong></span> <span class='ocrx_word' id='word_1_353' title='bbox 1011 4521 1158 4604; x_wconf 86' lang='lat' dir='ltr'><strong>usquead</strong></span> <span class='ocrx_word' id='word_1_354' title='bbox 1179 4543 1205 4584; x_wconf 82' lang='lat' dir='ltr'><strong>a.</strong></span> <span class='ocrx_word' id='word_1_355' title='bbox 1226 4520 1276 4584; x_wconf 87' lang='lat' dir='ltr'><strong>Ol.</strong></span> <span class='ocrx_word' id='word_1_356' title='bbox 1287 4520 1348 4583; x_wconf 84' lang='grc'><strong>109</strong></span> <span class='ocrx_word' id='word_1_357' title='bbox 1369 4521 1433 4584; x_wconf 85' lang='lat' dir='ltr'><strong>fere</strong></span> <span class='ocrx_word' id='word_1_358' title='bbox 1452 4522 1570 4585; x_wconf 82' lang='lat' dir='ltr'><strong>tertium</strong></span> <span class='ocrx_word' id='word_1_359' title='bbox 1591 4518 1682 4600; x_wconf 80' lang='lat' dir='ltr'><strong>(stt)</strong></span> <span class='ocrx_word' id='word_1_360' title='bbox 1703 4519 1807 4603; x_wconf 80' lang='lat' dir='ltr'><strong>viginti</strong></span> <span class='ocrx_word' id='word_1_361' title='bbox 1827 4540 1879 4583; x_wconf 84' lang='lat' dir='ltr'><strong>aa·</strong></span> 
     </span>
     <span class='ocr_line' id='line_1_35' title="bbox 300 4616 1879 4708; baseline 0.001 -24"><span class='ocrx_word' id='word_1_362' title='bbox 300 4644 356 4685; x_wconf 89' lang='lat' dir='ltr'><strong>nos</strong></span> <span class='ocrx_word' id='word_1_363' title='bbox 378 4621 522 4704; x_wconf 80' lang='lat' dir='ltr'><strong>compleri</strong></span> <span class='ocrx_word' id='word_1_364' title='bbox 542 4633 608 4684; x_wconf 83' lang='lat' dir='ltr'><strong>srtnt</strong></span> <span class='ocrx_word' id='word_1_365' title='bbox 627 4622 695 4686; x_wconf 84' lang='lat' dir='ltr'><strong>libri</strong></span> <span class='ocrx_word' id='word_1_366' title='bbox 717 4624 844 4708; x_wconf 82' lang='lat' dir='ltr'><strong>quinque</strong></span> <span class='ocrx_word' id='word_1_367' title='bbox 864 4620 900 4684; x_wconf 89' lang='lat' dir='ltr'><strong>ab</strong></span> <span class='ocrx_word' id='word_1_368' title='bbox 914 4621 955 4685; x_wconf 86' lang='grc'><strong>05</strong></span> <span class='ocrx_word' id='word_1_369' title='bbox 970 4622 1006 4684; x_wconf 91' lang='lat' dir='ltr'><strong>ad</strong></span> <span class='ocrx_word' id='word_1_370' title='bbox 1020 4616 1071 4701; x_wconf 83' lang='grc'><strong>00,</strong></span> <span class='ocrx_word' id='word_1_371' title='bbox 1092 4623 1122 4684; x_wconf 91' lang='lat' dir='ltr'><strong>in</strong></span> <span class='ocrx_word' id='word_1_372' title='bbox 1144 4622 1246 4706; x_wconf 73' lang='lat' dir='ltr'><strong>quibus</strong></span> <span class='ocrx_word' id='word_1_373' title='bbox 1267 4622 1451 4708; x_wconf 76' lang='lat' dir='ltr'><strong>gratissimae</strong></span> <span class='ocrx_word' id='word_1_374' title='bbox 1464 4644 1511 4684; x_wconf 87' lang='lat' dir='ltr'><strong>res</strong></span> <span class='ocrx_word' id='word_1_375' title='bbox 1525 4619 1683 4682; x_wconf 78' lang='lat' dir='ltr'><strong>armandae</strong></span> <span class='ocrx_word' id='word_1_376' title='bbox 1696 4631 1788 4698; x_wconf 87' lang='lat' dir='ltr'><strong>erant,</strong></span> <span class='ocrx_word' id='word_1_377' title='bbox 1808 4618 1879 4685; x_wconf 80' lang='lat' dir='ltr'><strong>Phi·</strong></span> 
     </span>
     <span class='ocr_line' id='line_1_36' title="bbox 302 4718 1881 4808; baseline 0.001 -24"><span class='ocrx_word' id='word_1_378' title='bbox 302 4724 376 4805; x_wconf 90' lang='lat' dir='ltr'><strong>lippi</strong></span> <span class='ocrx_word' id='word_1_379' title='bbox 395 4723 473 4808; x_wconf 81' lang='lat' dir='ltr'><strong>regis</strong></span> <span class='ocrx_word' id='word_1_380' title='bbox 495 4732 526 4785; x_wconf 88' lang='lat' dir='ltr'><strong>et</strong></span> <span class='ocrx_word' id='word_1_381' title='bbox 545 4722 754 4805; x_wconf 80' lang='lat' dir='ltr'><strong>Dionysiorum</strong></span> <span class='ocrx_word' id='word_1_382' title='bbox 773 4725 938 4808; x_wconf 87' lang='lat' dir='ltr'><strong>Dionisque</strong></span> <span class='ocrx_word' id='word_1_383' title='bbox 958 4723 1044 4801; x_wconf 87' lang='lat' dir='ltr'><strong>heila,</strong></span> <span class='ocrx_word' id='word_1_384' title='bbox 1065 4723 1206 4807; x_wconf 84' lang='lat' dir='ltr'><strong>imprimis</strong></span> <span class='ocrx_word' id='word_1_385' title='bbox 1226 4724 1264 4788; x_wconf 88' lang='lat' dir='ltr'><strong>de</strong></span> <span class='ocrx_word' id='word_1_386' title='bbox 1284 4720 1456 4805; x_wconf 88' lang='lat' dir='ltr'><strong>Amphipoli</strong></span> <span class='ocrx_word' id='word_1_387' title='bbox 1475 4719 1548 4782; x_wconf 85' lang='lat' dir='ltr'><strong>urbe</strong></span> <span class='ocrx_word' id='word_1_388' title='bbox 1569 4718 1735 4802; x_wconf 78' lang='lat' dir='ltr'><strong>Philippum</strong></span> <span class='ocrx_word' id='word_1_389' title='bbox 1755 4720 1834 4785; x_wconf 82' lang='lat' dir='ltr'><strong>inter</strong></span> <span class='ocrx_word' id='word_1_390' title='bbox 1850 4737 1881 4786; x_wconf 81' lang='lat' dir='ltr'><strong>at</strong></span> 
     </span>
     <span class='ocr_line' id='line_1_37' title="bbox 301 4819 1879 4903; baseline 0.002 -19"><span class='ocrx_word' id='word_1_391' title='bbox 301 4823 504 4902; x_wconf 81' lang='lat' dir='ltr'><strong>Athenienses,</strong></span> <span class='ocrx_word' id='word_1_392' title='bbox 523 4823 743 4888; x_wconf 72' lang='lat' dir='ltr'><strong>Atheniensinr</strong></span> <span class='ocrx_word' id='word_1_393' title='bbox 764 4848 829 4888; x_wconf 78' lang='lat' dir='ltr'><strong>orn</strong></span> <span class='ocrx_word' id='word_1_394' title='bbox 849 4825 948 4903; x_wconf 84' lang='lat' dir='ltr'><strong>sociis,</strong></span> <span class='ocrx_word' id='word_1_395' title='bbox 967 4825 1161 4890; x_wconf 90' lang='lat' dir='ltr'><strong>Phocensium</strong></span> <span class='ocrx_word' id='word_1_396' title='bbox 1181 4825 1291 4889; x_wconf 80' lang='lat' dir='ltr'><strong>belim</strong></span> <span class='ocrx_word' id='word_1_397' title='bbox 1311 4845 1433 4899; x_wconf 79' lang='lat' dir='ltr'><strong>eaerum,</strong></span> <span class='ocrx_word' id='word_1_398' title='bbox 1454 4819 1661 4884; x_wconf 85' lang='lat' dir='ltr'><strong>Thebanorum</strong></span> <span class='ocrx_word' id='word_1_399' title='bbox 1675 4820 1879 4887; x_wconf 81' lang='lat' dir='ltr'><strong>etAthenieu-</strong></span> 
     </span>
     <span class='ocr_line' id='line_1_38' title="bbox 301 4922 1880 5011; baseline -0.001 -25"><span class='ocrx_word' id='word_1_400' title='bbox 301 4926 375 4986; x_wconf 85' lang='lat' dir='ltr'><strong>sium</strong></span> <span class='ocrx_word' id='word_1_401' title='bbox 395 4924 427 4986; x_wconf 87' lang='lat' dir='ltr'><strong>in</strong></span> <span class='ocrx_word' id='word_1_402' title='bbox 447 4923 568 4990; x_wconf 85' lang='lat' dir='ltr'><strong>Euboea</strong></span> <span class='ocrx_word' id='word_1_403' title='bbox 588 4924 689 5002; x_wconf 81' lang='lat' dir='ltr'><strong>insula,</strong></span> <span class='ocrx_word' id='word_1_404' title='bbox 710 4925 891 5009; x_wconf 82' lang='lat' dir='ltr'><strong>Olynthium,</strong></span> <span class='ocrx_word' id='word_1_405' title='bbox 919 4928 1060 5011; x_wconf 83' lang='lat' dir='ltr'><strong>pluraque</strong></span> <span class='ocrx_word' id='word_1_406' title='bbox 1081 4926 1136 4990; x_wconf 86' lang='lat' dir='ltr'><strong>alia</strong></span> <span class='ocrx_word' id='word_1_407' title='bbox 1156 4926 1239 4991; x_wconf 76' lang='lat' dir='ltr'><strong>tacta</strong></span> <span class='ocrx_word' id='word_1_408' title='bbox 1281 4925 1357 4988; x_wconf 91' lang='lat' dir='ltr'><strong>lllud</strong></span> <span class='ocrx_word' id='word_1_409' title='bbox 1377 4923 1467 5009; x_wconf 70' lang='lat' dir='ltr'><strong>igiter</strong></span> <span class='ocrx_word' id='word_1_410' title='bbox 1486 4922 1524 4985; x_wconf 85' lang='lat' dir='ltr'><strong>ad</strong></span> <span class='ocrx_word' id='word_1_411' title='bbox 1543 4928 1610 4995; x_wconf 67' lang='lat' dir='ltr'><strong>tissi</strong></span> <span class='ocrx_word' id='word_1_412' title='bbox 1631 4944 1706 5011; x_wconf 65' lang='grc' dir='ltr'><strong>χρερ.</strong></span> <span class='ocrx_word' id='word_1_413' title='bbox 1724 4924 1880 5006; x_wconf 68' lang='lat' dir='ltr'><strong>proeli-s,</strong></span> 
     </span>
    </p>
   </div>
   <div class='ocr_carea' id='block_1_7' title="bbox 1528 5029 1599 5105">
    <p class='ocr_par' dir='ltr' id='par_1_9' title="bbox 1528 5029 1599 5105">
     <span class='ocr_line' id='line_1_39' title="bbox 1528 5029 1599 5105; baseline -0.014 0"><span class='ocrx_word' id='word_1_414' title='bbox 1528 5029 1599 5105; x_wconf 82' lang='lat' dir='ltr'><strong>Ba</strong></span> 
     </span>
    </p>
   </div>
   <div class='ocr_carea' id='block_1_8' title="bbox 0 0 2324 5940">
    <p class='ocr_par' dir='ltr' id='par_1_10' title="bbox 0 0 2324 5940">
     <span class='ocr_line' id='line_1_40' title="bbox 0 0 2324 5940; baseline 0 0"><span class='ocrx_word' id='word_1_415' title='bbox 0 0 2324 5940; x_wconf 95' lang='lat' dir='ltr'><strong> </strong></span> 
     </span>
    </p>
   </div>
  </div>
 </body>
</html>
