4636 5940
1128 391 1187 482 65

368 591 675 671 narratiunculam
699 606 742 665 ut
766 605 943 693 patronus
966 585 1234 663 malevolorum
1257 586 1450 661 hominum
1471 585 1764 690 reprehenditur.
1797 585 1947 667 Poterat

368 725 466 796 enim
492 719 566 795 hoc
591 722 717 822 priore
743 715 830 790 loco
857 715 992 790 sactum
1020 739 1112 805 esse,
1141 714 1353 816 ubicunque
1377 718 1494 789 visum
1520 715 1630 790 fuerit
1653 714 1909 792 Demostheni.

506 846 586 920 Nos
611 848 721 946 igitur
746 846 789 917 iis
816 845 1045 933 assentimur,
1075 843 1140 943 qui
1167 839 1458 916 Demosthenem
1486 866 1607 917 orasse
1632 841 1776 935 volunt,
1812 848 1842 917 si
1868 870 1946 920 non

365 977 416 1050 ita
440 989 482 1047 nt
509 989 613 1047 antea
641 986 859 1072 conceptam
884 972 1022 1071 scripto
1048 965 1199 1069 reliquit
1225 970 1443 1061 orationem,
1472 984 1509 1042 at
1533 968 1699 1044 similiter
1724 975 1946 1075 mutatisque

367 1117 403 1175 et
435 1102 575 1174 omissis
609 1122 704 1200 quac
734 1101 831 1172 inter
862 1092 1059 1170 dicendum
1084 1091 1316 1187 viderentur,
1349 1093 1542 1170 Aeschinis
1568 1100 1771 1171 orationem
1798 1099 1945 1201 qualem

365 1251 433 1301 nos
465 1225 642 1300 babemus
674 1228 722 1299 ita
756 1239 794 1299 et
824 1222 958 1298 dictam
986 1245 1082 1314 esse,
1117 1246 1195 1294 non
1221 1235 1277 1296 est
1302 1247 1368 1295 cur
1393 1220 1599 1322 negandum
1626 1238 1808 1324 putemus.
1850 1227 1943 1302 Acta

365 1369 421 1427 est
452 1377 559 1426 causa
591 1377 714 1428 coram
745 1353 882 1424 maiore
915 1350 1048 1423 civium
1077 1372 1232 1423 numero
1261 1349 1366 1449 (²³²);
1402 1346 1575 1422 undecim
1605 1375 1719 1424 urnae
1751 1356 1804 1425 rei
1836 1377 1944 1454 agen-

365 1478 433 1553 dae
459 1481 678 1553 constitutae
705 1493 809 1552 erant
834 1475 934 1576 (²³³).
978 1474 1142 1577 Tempus
1169 1499 1245 1576 quo
1272 1490 1350 1549 acta
1377 1477 1439 1566 sit,
1475 1473 1676 1577 Dionysius
1700 1475 1761 1575 (ad
1781 1480 1904 1552 Amm.
1921 1471 1946 1551 ι’

364 1601 482 1705 med.)
500 1602 589 1678 dicit
606 1629 740 1678 annum
757 1600 961 1707 Pythodoti
974 1599 1089 1676 Arch.
1108 1598 1171 1676 Ol.
1190 1603 1275 1675 109.
1292 1604 1336 1693 23
1366 1600 1464 1704 343„
1486 1617 1523 1675 et
1540 1626 1677 1703 argum.
1692 1602 1802 1678 Dem.
1819 1606 1943 1707 psas
2035 1652 2045 1665 ·

363 1731 428 1806 R.:
465 1732 581 1805 tribus
612 1734 715 1805 annis
745 1746 832 1832 post
863 1728 1097 1831 legationem.
1149 1724 1276 1821 Quum
1308 1730 1346 1800 in
1377 1753 1419 1803 ea
1447 1725 1690 1831 expeditionis
1716 1727 1880 1833 Philippi
1906 1735 1944 1805 in

365 1860 606 1935 Acarnaniam
632 1854 798 1932 nondum
827 1858 967 1929 mentio
994 1850 1088 1929 facta
1115 1856 1174 1945 sit,
1211 1879 1253 1928 ea
1279 1868 1399 1928 autem
1427 1858 1558 1946 oratio,
1594 1882 1688 1957 qnae
1715 1855 1761 1930 de
1788 1856 1856 1930 hac
1882 1883 1943 1932 ex·

364 1983 553 2089 peditione
587 1987 677 2087 egit,
715 1980 761 2058 de
794 1981 1031 2075 Halonneso,
1067 1977 1437 2057 hieme01.1os.s
1470 1981 1593 2057 habita
1627 1987 1675 2058 sit
1706 1981 1804 2084 (vide
1835 2010 1944 2087 supra

366 2113 521 2213 mm),
557 2126 641 2185 ante
669 2108 779 2203 hanc,
815 2133 902 2210 ergo
934 2112 973 2184 in
1003 2111 1129 2212 priore
1160 2112 1244 2183 anni
1270 2105 1473 2212 Pythodoti
1504 2112 1579 2184 sive
1607 2109 1723 2185 altero
1756 2115 1842 2185 anni
1868 2113 1943 2187 343

366 2237 520 2312 dimidio
547 2234 764 2311 collocanda
791 2261 869 2310 esse
893 2234 1039 2312 videtur
1061 2235 1160 2335 (²³⁴).
1204 2235 1428 2309 Absolutum
1454 2260 1531 2309 esse
1552 2235 1772 2310 Aeschinem
1797 2236 1943 2312 Idome-

365 2389 456 2438 neus
480 2361 653 2465 perbibet
676 2365 822 2463 triginta
849 2360 1011 2454 calculis,
1042 2363 1081 2436 in
1106 2385 1217 2463 quem
1242 2359 1368 2434 indicii
1394 2363 1530 2434 exitum
1552 2359 1721 2434 nonnihil
1743 2361 1871 2436 iecisse
1891 2367 1944 2438 vi·

366 2489 473 2565 detur
497 2487 635 2563 Eubuli
663 2515 747 2562 eum
772 2492 967 2564 auctoritas
992 2504 1070 2562 tum
1090 2490 1129 2561 in
1148 2485 1438 2561 Demosthenem
1459 2483 1638 2562 invidiose
1659 2485 1768 2563 dicta.
1805 2486 1942 2582 Quam-

365 2642 438 2717 que
464 2621 502 2689 in
528 2618 646 2716 prima
674 2617 840 2689 oratione
867 2611 965 2711 (adv.
987 2613 1085 2686 Tim.
1107 2615 1221 2714 psl.
1238 2615 1278 2708 8)
1304 2615 1523 2714 promiserat
1546 2630 1648 2688 actae
1672 2613 1863 2717 legationis
1887 2641 1943 2689 ra-

363 2745 517 2832 tionem,
547 2743 620 2814 iam
646 2765 686 2813 re
713 2739 904 2842 persolvit.
949 2736 1056 2814 Patet
1082 2740 1180 2814 enim
1206 2763 1227 2812 e
1252 2737 1363 2812 Dem.
1385 2765 1421 2811 ιι.
1440 2766 1587 2847 superq.
1605 2742 1731 2841 pido
1748 2740 1830 2834 fim,
1860 2759 1944 2817 ante

365 2868 506 2944 habitas
539 2866 604 2942 has
637 2869 821 2943 orationes
851 2892 921 2942 neo
945 2864 1236 2941 Demosthenem
1260 2890 1383 2968 neque
1408 2863 1628 2941 Aeschinem
1655 2870 1835 2942 rationem
1860 2868 1943 2956 red-

367 2993 499 3070 didisse
527 2995 673 3070 alterius
701 2993 891 3096 legationis
917 2995 1019 3094 (²³⁵).
1579 3089 1583 3096 ι

505 3119 579 3196 Sed
604 3118 791 3195 videamus
818 3122 964 3219 stipsi,
994 3121 1103 3189 misso
1123 3114 1404 3191 Atheniensium
1430 3115 1580 3210 iudicio,
1611 3143 1806 3220 quamnam
1830 3119 1943 3197 fidem

365 3248 564 3321 habeamus
596 3241 854 3317 Demostheni.
904 3239 974 3316 Ille
1008 3244 1105 3315 enim
1136 3243 1195 3344 (p.
1207 3242 1299 3341 397)
1326 3267 1386 3335 ea,
1429 3267 1523 3344 quae
1555 3243 1775 3320 Aeschinem
1806 3252 1940 3349 arguit,

362 3373 437 3448 hoc
464 3371 593 3447 ordine
619 3367 796 3444 collocat:
832 3368 1053 3443 Aeschinem
1085 3394 1129 3443 ex
1156 3367 1268 3443 altera
1301 3367 1483 3471 legatione
1509 3368 1681 3445 reducem
1706 3371 1796 3448 salse
1821 3374 1943 3450 relatis

365 3498 549 3604 populum
574 3495 775 3599 decepisse,
804 3498 912 3571 sociis
936 3498 976 3569 in
1000 3521 1128 3599 pacem
1154 3493 1374 3598 recipiendis
1400 3497 1595 3590 obstitisse,
1624 3524 1754 3601 pacem
1774 3527 1795 3575 a
1814 3499 1941 3577 Philo·

364 3644 477 3707 crate,
492 3625 603 3700 latam
633 3626 798 3714 suasisse,
836 3625 872 3695 in
904 3621 1101 3724 legatione,
1136 3646 1184 3696 ne
1209 3620 1454 3698 Athenienses
1480 3624 1615 3699 auxilio
1643 3631 1767 3702 venire
1792 3646 1943 3730 possent

363 3753 632 3843 Phocensibus,
661 3766 805 3853 tempus
831 3752 992 3842 trivisse;
1021 3747 1129 3823 donis
1154 3765 1369 3851 corruptum
1396 3767 1433 3824 et
1455 3747 1665 3827 Phocenses
1691 3768 1729 3827 et
1748 3752 1942 3830 Thraciam

364 3880 540 3984 Philippo
561 3875 782 3981 prodidisse.
810 3873 926 3951 Addit
942 3875 1225 3969 Demosthenes,
1246 3901 1285 3951 se
1305 3874 1397 3951 haec
1418 3881 1540 3951 omnia
1561 3903 1686 3954 revera
1707 3898 1940 3977 monstrasse;

365 4033 451 4112 ergo
477 4004 699 4082 Aeschinem
730 4004 955 4106 sapientibus
980 4018 1017 4077 et
1041 4007 1144 4078 iustis
1170 4001 1351 4078 iudicibus
1378 4002 1699 4081 condemnandum
1726 4033 1815 4083 esse.
1862 4008 1941 4086 Sci·

364 4135 451 4210 licet
468 4131 739 4211 Demosthenes
767 4133 870 4234 quasi
895 4156 939 4205 ex
965 4145 1099 4205 eventu
1124 4155 1246 4205 rerum
1272 4129 1318 4205 ad
1344 4133 1488 4205 initium
1510 4129 1656 4208 rediens
1678 4159 1733 4227 ea,
1764 4162 1857 4238 quae
1876 4164 1941 4240 pa·

405 4335 475 4416 (m)
505 4339 611 4400 Aesch.
633 4364 663 4399 π.
684 4330 791 4425 πρισβ.
813 4337 952 4419 Ρ.28.25;
975 4333 1085 4417 σχιδόν
1106 4333 1138 4397 δ’
1159 4339 1183 4398 oi
1203 4341 1328 4398 πλεῖστοι
1349 4341 1404 4398 τῶν
1425 4342 1545 4427 πιλιτιῖν
1565 4332 1700 4427 πάρεισιν.

405 4452 476 4535 (¹³³)
507 4455 612 4518 Aesch.
634 4457 654 4517 l.
666 4457 685 4517 l.
707 4455 827 4538 p.45.1:
855 4447 1003 4537 ἔνδὶχεται
1030 4452 1061 4516 sd
1083 4447 1278 4545 Acerdvvuipos
1297 4458 1348 4530 τῆς
1368 4449 1470 4542 ἡμέρας
1490 4461 1583 4518 ταῦτα
1603 4453 1727 4543 πρᾶξαι·
1754 4455 1822 4543 πρὸς
1842 4451 1941 4522 ἕνδεκα

365 4555 422 4643 γὰρ
444 4549 588 4642 &popuplus
608 4555 636 4615 iv
657 4548 885 4644 διαμιμετρημὲνῃ
906 4561 942 4637 τῇ
961 4548 1047 4644 ἡμέρᾳ
1067 4552 1199 4643 κρίνομαι.

407 4673 477 4754 (²³⁴)
509 4675 575 4737 vide
596 4675 782 4757 Droysenum
803 4675 823 4736 l.
835 4677 854 4737 Ι.
875 4674 996 4759 pseu.
1018 4675 1197 4738 Winiewski
1218 4675 1324 4758 puts.

406 4788 477 4872 (¹³⁵)
508 4793 613 4857 Aesch.
634 4792 698 4855 adv.
720 4793 798 4854 Tim.
819 4792 940 4877 puts:
963 4793 1001 4859 sic
1021 4791 1078 4881 γὰρ
1099 4790 1153 4858 reis
1169 4789 1239 4867 susc
1252 4785 1382 4860 ussisse
1394 4787 1536 4864 βλάπτων
1551 4793 1803 4877 (Demosthenes),
1823 4788 1859 4864 sle
1872 4797 1940 4888 ὑπὲρ

364 4899 414 4968 τῆς
434 4888 591 4981 πρεσβείας
610 4886 702 4967 μέλλω
724 4888 840 4954 διδόναι.

1641 5001 1661 5076 Ι
