4636 5940
1129 443 1182 530 13

364 635 398 714 ἕ
418 633 452 712 εἴ
465 665 499 711 τε
523 626 739 728 συμβήσεται
757 638 830 724 ἡμῖν
851 631 977 707 παθεῖν
1003 639 1059 735 (p.
1072 633 1134 707 52.
1156 634 1249 734 15.).
1287 632 1404 711 Socer
1424 639 1458 711 ei
1480 654 1557 713 erat
1576 635 1815 713 Philodemus
1835 636 1947 715 Paea-

363 769 513 857 niensis,
544 768 608 866 qui
634 788 762 864 magna
786 761 932 838 valebat
957 764 1186 854 auctoritate,
1214 777 1346 864 utpote
1375 766 1440 864 qui
1463 764 1577 838 tribui
1600 762 1814 840 Paeaniensi
1842 790 1947 868 prae·

363 891 481 968 fectus
506 906 600 967 esset
627 890 712 987 (⁴³).
760 888 904 963 Fratres
929 892 1054 963 uxoris
1079 887 1170 980 duo,
1205 886 1343 964 Philon
1369 892 1425 965 vir
1449 893 1505 964 rei
1532 890 1695 966 militaris
1722 895 1876 994 peritus,
1912 909 1949 966 et

364 1018 571 1122 Epicrates,
608 1019 672 1118 qui
705 1019 872 1118 corporis
903 1016 1022 1090 sorma
1053 1015 1256 1118 habituque
1287 1018 1437 1118 insignis
1466 1018 1506 1090 in
1538 1020 1686 1119 pompis
1718 1017 1948 1122 Dionysiacis

364 1144 644 1221 Atheniensium
678 1141 807 1218 oculos
840 1146 878 1217 in
910 1168 949 1217 se
983 1147 1206 1219 convertisse
1240 1140 1442 1218 dicebatur.
1490 1144 1546 1217 Ex
1580 1142 1725 1220 duobus
1757 1144 1948 1219 Aeschinis

364 1271 535 1347 iratribus
553 1285 643 1345 natu
660 1272 778 1344 maior
797 1271 880 1371 ipso
901 1267 1139 1347 Philoehares
1162 1276 1344 1373 tempore,
1373 1295 1449 1371 quo
1471 1273 1590 1345 oratio
1611 1266 1658 1345 de
1679 1269 1861 1372 legatione
1882 1270 1946 1345 ha·

363 1398 440 1473 bita
466 1414 535 1489 est,
563 1423 597 1471 a.
615 1398 703 1471 343.
734 1400 806 1471 iam
831 1421 901 1499 per
924 1413 998 1472 tres
1026 1423 1142 1471 annos
1168 1395 1341 1501 deinceps
1367 1401 1646 1499 imperatorium
1675 1423 1807 1471 munus
1833 1395 1946 1470 admi·

363 1525 554 1615 manabat,
582 1521 682 1599 unde
703 1549 831 1625 magna
851 1539 930 1598 tum
950 1522 1106 1600 Athenis
1126 1524 1317 1599 fruebatur
1337 1526 1447 1626 gratia
1470 1523 1555 1620 (⁴⁴).
1583 1524 1710 1598 Minor
1727 1522 1948 1625 Aphobetus

363 1677 449 1726 cum
472 1653 512 1724 in
532 1650 649 1725 altero
671 1653 831 1725 muneris
851 1675 984 1752 genere
1005 1649 1225 1725 Aeschinem
1247 1666 1393 1725 secutus
1414 1665 1522 1743 esset,
1552 1652 1692 1725 scribae
1719 1648 1817 1740 dico,
1848 1665 1947 1724 tanta

363 1803 450 1853 usus
473 1793 527 1852 est
553 1773 650 1879 apud
675 1781 772 1853 cives
799 1781 925 1879 gratia,
954 1794 996 1853 ut
1016 1772 1235 1884 ἀντιγραφεὺς
1254 1777 1312 1863 τῆς
1331 1768 1517 1865 bendecar
1536 1804 1556 1852 a
1576 1775 1721 1880 populo
1742 1792 1945 1869 crearetur;

365 1931 438 2008 qua
467 1907 658 2007 provincia
689 1904 786 1979 bene
815 1930 858 1979 ac
889 1906 1109 2007 probissime
1136 1903 1283 1978 fundus
1309 1920 1364 1978 est
1390 1904 1475 2001 (⁴⁵).
1524 1902 1628 1978 Idem
1654 1904 1874 2005 legationem
1901 1901 1947 1976 ad

362 2031 556 2108 Persarum
578 2055 703 2133 regem
727 2033 874 2106 missam
893 2030 1006 2134 digno
1027 2031 1217 2135 republica
1237 2029 1351 2106 modo
1373 2027 1648 2107 administrarit.
1686 2030 1737 2103 Hi
1755 2029 1947 2104 Aeschinis

362 2159 588 2263 propinqui,
623 2160 787 2258 qrramvis
819 2154 864 2231 ad
895 2183 1012 2232 unum
1044 2184 1172 2233 omnes
1197 2159 1397 2234 verborum
1423 2157 1656 2232 contumeliis
1684 2159 1851 2232 oratione
1876 2181 1947 2259 pro

363 2286 491 2359 rostris
514 2282 641 2356 habita
666 2307 687 2355 a
711 2282 966 2357 Demosthene
992 2288 1123 2375 notati,
1152 2299 1276 2358 tamen
1302 2287 1524 2384 contemptis
1549 2280 1753 2357 maledictis
1773 2280 1947 2356 Aeschini

364 2406 517 2484 aderant
540 2409 704 2510 petituri,
732 2423 775 2482 ut
797 2404 1021 2509 praesidium
1047 2433 1113 2482 reo
1139 2408 1252 2483 ferret
1275 2408 1438 2510 populus
1461 2432 1481 2479 a
1502 2405 1691 2481 calumniis
1711 2408 1948 2479 inimicissimi

363 2561 446 2610 vm·
538 2566 544 2577 .

1113 2693 1198 2797 §.a

505 2845 705 2921 Aeschines
731 2863 921 2948 praeterea
946 2841 992 2919 ad
1018 2849 1202 2948 graviores
1229 2848 1337 2920 etiam
1362 2869 1421 2920 res
1447 2872 1467 2920 a
1492 2844 1637 2947 populo
1665 2842 1851 2946 delegatus
1878 2861 1945 2919 est.

362 2972 486 3049 Prima
512 2970 646 3075 legatio
674 2971 797 3047 estad
824 2971 985 3048 Arcades
1012 2998 1096 3047 cum
1123 2972 1202 3047 aliis
1228 2971 1342 3065 facta,
1379 2997 1473 3074 quae
1500 2997 1520 3045 a
1546 2968 1718 3045 Diodoro
1744 2971 1948 3073 Theophili

364 3125 462 3175 anno
484 3096 549 3174 Ol.
569 3102 654 3174 108.
675 3104 692 3172 1
717 3097 936 3173 adscribitur
958 3099 1048 3192 (⁴⁶);
1078 3121 1150 3197 qua
1176 3100 1214 3169 in
1239 3095 1423 3197 legatione
1449 3121 1578 3196 magna
1604 3101 1676 3169 iam
1697 3099 1775 3169 eius
1794 3097 1865 3170 fuit
1885 3122 1947 3171 au·

364 3229 514 3302 corius
540 3245 728 3324 operaque
753 3222 907 3320 egregia,
935 3216 1165 3320 Megalopoli
1192 3222 1398 3293 orationem
1425 3219 1573 3311 habuit3
1606 3218 1762 3321 posthac
1787 3219 1833 3295 ad
1859 3219 1947 3296 Phi·

363 3351 510 3451 lippum
541 3347 689 3447 alioque
718 3344 856 3446 legatus
883 3344 964 3419 fuit.
1007 3342 1082 3420 Sed
1107 3343 1169 3419 hie
1193 3344 1381 3449 paulisper
1406 3345 1654 3439 subsistamus,
1688 3345 1871 3448 siquidem
1896 3348 1948 3421 al-

364 3489 481 3550 teram
511 3472 829 3548 commentationis
858 3486 1000 3573 partem
1031 3469 1205 3574 publicae
1239 3470 1326 3546 huic
1357 3474 1452 3549 vitae
1484 3475 1640 3549 maxime
1671 3470 1943 3551 destinavimus.

364 3599 493 3676 Restat
517 3615 558 3673 ut
584 3600 709 3701 paucis
735 3594 782 3671 de
807 3600 851 3671 iis
874 3623 969 3699 quae
989 3601 1127 3700 scripto
1149 3597 1342 3700 reliquerit
1367 3596 1621 3701 delungamur.

312 3880 317 3889 ’
407 3874 464 3962 (⁸³)
495 3879 601 3942 Aesch.
622 3872 683 3966 περὶ
703 3873 810 3965 apra-fi.
833 3877 918 3961 p.48.
930 3877 986 3940 15:
1013 3875 1053 3938 δι’
1076 3869 1106 3939 iv
1126 3881 1165 3942 ric
1185 3875 1251 3944 rode
1272 3872 1396 3952 δημὸτοεο
1415 3872 1575 3966 ἐνεγράφης
1595 3881 1857 3961 (Demosthenes).
1889 3881 1946 3944 vid

365 3983 512 4066 Harpocr.
534 4003 595 4043 Μ.
618 3975 782 4065 δῆμαρχοςε
803 4012 844 4026 -
864 3975 905 4040 ἔτι
927 3970 958 4039 δὲ
978 3972 1026 4039 καὶ
1046 3976 1084 4039 τοὶ
1104 3976 1285 4066 ληξιαρχυεοὶ
1306 3983 1485 4067 γραεευοετεῒεε
1505 3976 1584 4067 παρὰ
1604 3972 1713 4045 τούτοις
1733 3972 1774 4053 ἦν.

407 4098 464 4181 (⁴⁴)
496 4100 543 4162 De
565 4099 670 4162 officiis
697 4111 728 4160 et
752 4099 923 4161 auctoritate
945 4098 1087 4160 denonnn
1112 4100 1320 4181 imperatorum
1338 4098 1445 4161 Athen.
1477 4098 1544 4161 vide
1566 4096 1603 4159 C.
1622 4098 1656 4160 F.
1676 4099 1826 4161 Hermann
1846 4099 1946 4183 Antiq.

366 4200 421 4262 Gr.
443 4198 521 4283 publ.
543 4196 645 4284 §153.
667 4230 708 4246 -
730 4198 767 4260 cl.
788 4199 875 4260 Dem.
895 4199 1021 4283 Philipp.
1043 4200 1067 4259 I.
1089 4199 1174 4282 pli:
1197 4198 1248 4260 otiu
1269 4200 1466 4287 ἐχειροτονεῖτε
1487 4190 1519 4260 δὲ
1539 4196 1576 4284 ἐξ
1595 4199 1672 4270 ὑμεῖν
1692 4199 1786 4262 αὐτῶν
1807 4193 1876 4262 δίκα
1896 4225 1947 4262 τοι·

365 4292 512 4386 ξιοῖρχους
536 4291 585 4361 uui
611 4296 790 4386 ττρεετηγοεὶς
809 4290 857 4359 nai
879 4292 1054 4386 φυ>οὲρχουε
1074 4292 1122 4360 καὶ
1143 4291 1310 4387 ἱππάρχους
1330 4292 1381 4362 δύο
1387 4325 1398 4372 3
1423 4296 1453 4361 τί
1476 4291 1524 4361 οὖν
1546 4289 1620 4362 οὗτοι
1641 4304 1769 4372 τοιοῦτος
1796 4299 1869 4375 πλὴν
1890 4298 1948 4367 ivis

365 4392 478 4486 ἄνδρές,
505 4389 535 4459 ἓν
556 4393 591 4460 ἂν
612 4392 779 4474 ἰκπὲμψητε
800 4391 844 4460 ἐπὶ
865 4395 912 4459 τᾶν
932 4393 1054 4471 πολεμον
1082 4404 1105 4461 οἱ
1131 4395 1222 4462 λοεποῖ
1239 4397 1296 4478 ,vde
1316 4398 1432 4473 πομπὰς
1452 4394 1608 4474 τέμπουσεν
1628 4401 1692 4472 ὑμῖν
1711 4397 1783 4473 μετὰ
1804 4405 1858 4460 τοῖν
1878 4403 1948 4487 ἱερο-

366 4504 465 4562 τοευῖν·
487 4493 580 4586 ὥσπερ
601 4497 658 4587 γὰρ
680 4503 703 4561 ai
724 4493 898 4564 τλοῖττουτες
918 4498 984 4565 τους
1003 4496 1145 4575 πηλίνους,
1166 4505 1205 4566 εἰς
1225 4498 1274 4575 τὴν
1294 4499 1404 4589 ἀγορὰν
1425 4506 1609 4589 χειροτονεῖτε
1622 4499 1690 4567 τους
1703 4493 1886 4585 ταξιάρχους
1898 4495 1947 4562 sol

365 4597 433 4667 reric
453 4595 640 4685 φυλάρχους,
661 4594 996 4674 consubstantialia.
1017 4603 1055 4666 cs.
1077 4596 1138 4690 arpi
1159 4600 1278 4686 συνταξ.
1299 4627 1329 4687 p.
1337 4601 1396 4664 171
1412 4603 1461 4664 fin.

408 4715 465 4798 (⁴⁵)
496 4717 601 4780 Aesch.
624 4719 681 4780 lc.
702 4725 798 4785 καλοῖς
819 4711 850 4782 δῖ
870 4713 919 4781 nal
941 4715 1055 4786 δικαίως
1075 4727 1130 4782 raia
1151 4714 1285 4808 discripsit
1306 4714 1446 4808 arpocddwv
1466 4713 1659 4791 ἐπιμεληθείς,
1679 4713 1726 4780 ὅτε
1739 4715 1825 4779 οὔτᾶν
1839 4713 1883 4781 r’srl
1896 4718 1947 4794 ‘triv

281 4862 286 4873 .
365 4815 457 4892 κοινὴν
478 4813 610 4891 διοίκησιν
630 4811 748 4880 εἵλεσθε
768 4832 869 4882 κ.τ.λ.
891 4822 929 4884 cs.
950 4822 1078 4885 boeckb.
1100 4822 1215 4885 Oecon.
1229 4822 1298 4884 Ath.
1319 4823 1343 4882 1.
1365 4822 1471 4905 p.181.
1493 4822 1638 4902 Harpocr.
1659 4842 1721 4883 av.
1743 4814 1945 4908 οἰντεγροεφεόε.

408 4934 466 5019 (⁸⁶)
496 4936 633 5001 mse.
655 4968 696 4987 -
717 4938 804 5027 Dem.
824 4963 856 5000 τ.
877 4963 1001 5027 ποροετρ.
1022 4940 1129 5023 pall.
1144 4941 1250 5024 Μῧῧ.
1271 4939 1377 5005 Aeseh.
1397 4931 1460 5026 περὶ
1480 4931 1587 5026 specil.
1608 4937 1750 5022 p.³8.26.
1772 4939 1840 5005 vide
1860 4938 1944 5003 inin.
