4636 5940
1053 388 1137 479 25.

292 590 428 680 lacere3
456 583 611 690 perinde
636 609 678 658 ac
703 582 871 684 locuples
895 579 1088 673 Isocrates,
1119 583 1183 682 qui
1210 583 1267 656 bis
1286 580 1495 658 valetudine
1515 599 1743 687 praetextata
1761 590 1872 662 tertio

292 714 455 817 denique
479 717 666 789 triremem
694 712 883 784 exornavit
908 710 1045 810 magnis
1071 733 1155 783 cum
1180 710 1373 810 impensis,
1411 712 1550 812 quique
1575 714 1654 814 ipse
1680 709 1783 805 dicit,
1816 717 1871 788 iu.

291 844 385 916 visse
412 867 496 916 cum
521 843 560 912 in
584 839 709 939 pueris
735 852 830 911 esset
855 833 1062 938 locupletes
1089 859 1180 926 esse,
1216 831 1377 936 ideoque
1403 834 1487 937 plus
1514 836 1604 910 olim
1629 843 1807 940 pecuniae
1833 842 1872 914 in
1956 831 1960 840 ’

292 993 441 1042 censum
465 963 668 1068 professos3
695 988 795 1037 nunc
817 985 907 1037 vero
933 986 1060 1036 cavere
1088 986 1273 1064 quemque
1299 959 1373 1036 hoc
1398 960 1532 1036 facere.
1550 966 1621 1060 (11)
1673 961 1778 1040 Idem
1795 965 1872 1040 fere

294 1093 498 1169 sentiebant
524 1089 630 1165 multi
657 1088 720 1163 alii
746 1092 843 1165 cives
870 1085 1012 1179 divites,
1042 1091 1137 1163 inter
1162 1112 1201 1163 se
1227 1103 1326 1163 arete
1353 1092 1540 1165 coniuncti
1566 1116 1785 1194 semperque
1807 1117 1871 1195 pa·

292 1223 373 1309 rati,
403 1221 457 1293 uti
482 1243 521 1293 se
547 1232 676 1291 mutuo
703 1215 838 1289 auxilio
865 1210 1119 1306 defenderent,
1147 1218 1179 1288 si
1206 1213 1295 1316 quid
1321 1215 1475 1318 periculi
1503 1241 1523 1289 a
1547 1215 1781 1293 multitudine
1804 1222 1871 1292 im·

291 1349 459 1421 minoret.
513 1344 646 1444 Magna
672 1345 770 1417 enirn
796 1357 874 1416 erat
900 1345 954 1416 rei
979 1343 1142 1444 privatae
1166 1340 1417 1443 inaequalitas:
1447 1344 1566 1416 maior
1588 1346 1720 1419 cisium
1745 1368 1872 1419 nume·

291 1500 353 1548 rus
379 1468 578 1572 indigebat,
607 1471 728 1543 minor
754 1466 964 1543 abundabat
990 1469 1138 1571 opibus;
1166 1492 1254 1570 ergo
1276 1468 1333 1542 illi
1354 1467 1637 1571 praepollebant
1656 1474 1695 1544 in
1715 1469 1870 1562 iudiciis,

293 1598 333 1672 hi
365 1595 564 1701 splendore
595 1622 637 1671 ac
671 1593 804 1671 divitiis
834 1598 874 1671 in
906 1598 1110 1698 potentiam
1141 1598 1333 1697 assumptis
1359 1610 1486 1669 contra
1514 1595 1635 1699 valere
1661 1596 1872 1689 studebant,

293 1724 365 1801 illis
392 1723 525 1805 horum
552 1725 700 1826 opibus,
731 1747 820 1825 quas
846 1725 885 1795 in
911 1721 1176 1824 rempublicam
1203 1720 1472 1823 impenderent,
1502 1747 1596 1824 opus
1619 1739 1709 1815 erat,
1738 1721 1777 1795 hi
1797 1748 1874 1796 non

293 1854 401 1926 nimis
426 1850 563 1941 faciles,
592 1853 662 1924 nisi
687 1874 773 1925 suae
799 1848 981 1925 voluntati
1008 1845 1287 1941 concederetur;
1315 1848 1371 1923 illi
1395 1873 1463 1922 sno
1482 1851 1561 1924 iure
1580 1849 1680 1940 elati,
1708 1849 1748 1921 hi
1765 1853 1875 1925 etiarn

293 1981 405 2078 magis
431 1972 565 2052 divitiis
591 1979 677 2051 suis.
723 1973 834 2050 Unde
860 1991 975 2078 patet,
1006 1992 1167 2051 mutuam
1195 1991 1437 2078 utrorumque
1459 2001 1534 2050 non
1556 1979 1691 2050 exoriri
1710 2001 1788 2050 non
1805 2002 1873 2077 po·

293 2107 403 2179 tuisse
421 2101 610 2196 invidiam3
630 2128 700 2177 nec
722 2105 855 2176 mirum
875 2127 973 2190 sane,
991 2104 1161 2205 superbis.
1178 2101 1251 2178 illis
1266 2103 1504 2206 optimatibus
1525 2106 1767 2206 arrogantiam
1783 2102 1874 2178 levis

293 2227 537 2304 multitudinis
556 2254 700 2303 summo
719 2231 949 2331 contemptui
967 2227 1089 2314 fuisse,
1106 2228 1208 2330 plebi
1227 2244 1356 2303 contra
1375 2254 1469 2328 quae
1490 2227 1644 2304 divitum
1665 2231 1799 2331 opibus
1818 2233 1873 2305 in·

293 2352 456 2444 videbat,
485 2357 700 2455 praesertim
726 2376 810 2426 cum
837 2349 883 2427 ad
900 2351 1073 2427 vilissima
1092 2378 1260 2453 quaeque
1278 2351 1546 2454 profundentes
1565 2352 1719 2444 videret,
1748 2380 1874 2457 super·

292 2483 391 2555 biam
418 2505 546 2554 eorum
572 2505 742 2580 magnum
768 2475 896 2553 odium
921 2502 1116 2579 procreare
1141 2474 1322 2552 debuisse.
1365 2478 1454 2552 Erat
1475 2482 1538 2578 qui
1559 2476 1803 2555 intercederet
1818 2479 1875 2555 his

292 2605 536 2682 simultatibus
563 2621 599 2679 et
625 2620 801 2707 utrosque
828 2603 1042 2679 conciliaret
1067 2602 1235 2677 Eubulus
1254 2602 1516 2706 Anaphlystius
1531 2605 1636 2703 (¹⁰⁰),
1664 2608 1721 2680 vir
1743 2602 1874 2681 ditissi-
1930 2594 1933 2601 ¹

294 2758 373 2809 mus
400 2758 442 2806 ae
468 2730 730 2823 nobilissimus,
759 2728 933 2833 idemque
958 2754 1027 2832 per
1051 2727 1203 2831 longum
1228 2745 1388 2833 tempus,
1417 2755 1486 2833 per
1510 2746 1628 2805 totam
1653 2728 1806 2807 dixerim
1822 2737 1874 2809 vi·

292 2877 381 2952 tam,
410 2858 555 2961 populo
582 2860 865 2960 acceptissimus.
906 2854 1036 2932 Stabat
1064 2853 1213 2958 quidem
1236 2882 1423 2960 sempera
1445 2850 1632 2950 divitibns3
1659 2873 1784 2933 tamen
1800 2884 1875 2933 rna·

292 2991 389 3061 xime
415 2984 633 3088 popularem
660 3009 699 3059 se
725 2986 834 3085 gessit
858 3006 924 3074 eo,
959 2980 1060 3084 quod
1088 3007 1133 3058 er
1157 2987 1296 3058 aerario
1322 2981 1496 3084 publico,
1531 2987 1591 3057 cui
1615 3002 1783 3085 praeerat
1808 3010 1876 3087 po·

294 3113 373 3217 puli
404 3115 533 3215 gratia,
568 3106 794 3183 multitudini
826 3105 1023 3179 distribuit.
1085 3105 1355 3209 Theopompus
1387 3107 1473 3180 alias
1505 3106 1550 3179 ad
1582 3105 1876 3207 maledicendum

294 3261 439 3338 semper
451 3249 630 3336 promtus,
643 3230 742 3304 hunc
755 3232 902 3330 insignit
914 3244 1099 3330 tamquam
1111 3227 1241 3304 ducem
1254 3230 1386 3333 populi
1400 3231 1649 3319 clarissimum,
1664 3231 1876 3335 diligentem

296 3388 338 3437 ac
364 3362 606 3450 laboriosum3
634 3373 756 3432 tamen
782 3382 826 3430 ex
845 3355 1099 3459 largitionibus
1119 3358 1301 3434 civitatem
1321 3355 1601 3433 Atheniensium
1622 3385 1668 3434 eo
1689 3359 1783 3436 duce
1800 3389 1875 3437 ma·

295 3491 391 3563 xime
422 3484 668 3561 effeminatam
700 3481 938 3586 desidemque
969 3481 1101 3557 factam
1128 3508 1206 3557 esse
1231 3484 1361 3560 voluit.
1379 3488 1469 3583 (¹⁰¹)
1522 3483 1688 3564 Philinus
1714 3491 1752 3562 in
1778 3488 1876 3564 libro

296 3609 375 3722 arpis
401 3603 608 3709 Σοφοκλέους
635 3605 691 3684 καὶ
715 3603 884 3718 Εὐριπίδου
909 3599 1031 3686 eiricus
1051 3606 1153 3701 dicit,
1182 3610 1373 3686 Eubulum
1392 3611 1580 3716 Dionysiis
1602 3615 1819 3690 instantibus
1836 3619 1876 3690 in

294 3766 394 3816 sacra
419 3735 586 3814 facienda
611 3735 851 3827 distribuisse,
880 3751 922 3810 ut
947 3758 1076 3810 omnes
1102 3734 1180 3810 dies
1203 3735 1316 3812 festos
1336 3737 1578 3831 celebrarent,
1609 3755 1647 3814 et
1665 3756 1707 3814 ut
1726 3766 1774 3816 ne
1794 3746 1877 3844 quis

295 3869 467 3970 angustiis
485 3867 539 3940 rei
564 3866 726 3966 privatae
747 3862 893 3937 theatro
912 3861 1184 3975 prohiberetur.
1204 3863 1295 3961 (¹⁰²)
1333 3865 1389 3938 Ac
1406 3889 1533 3939 verum
1554 3863 1719 3966 quidem,
1748 3865 1817 3942 hac
1834 3892 1876 3943 re

295 3993 585 4069 deminutionem
604 4006 641 4065 et
659 3988 904 4065 defectionem
923 3990 1064 4063 aerario
1085 3988 1233 4063 militari
1253 3993 1429 4084 evenisse;
1455 4017 1583 4068 verum
1605 4018 1770 4096 quoque,
1790 3991 1876 4070 inde
1991 4092 1994 4097 ¹

338 4344 396 4425 (11)
426 4347 516 4409 Isocr.
539 4368 648 4432 argtun.
668 4346 705 4409 ad
727 4359 800 4408 orat.
821 4345 859 4407 de
880 4356 1028 4420 comunt,
1050 4344 1103 4405 cfr.
1126 4358 1202 4407 orat.
1223 4346 1314 4429 ipsam
1335 4367 1361 4408 c.
1370 4346 1440 4409 159.
1462 4347 1499 4410 de
1520 4369 1592 4430 pace
1614 4348 1696 4410 cdo.

338 4459 410 4542 (111)
440 4464 577 4545 Droysen
591 4466 610 4526 l.
623 4466 642 4525 l.
657 4465 755 4547 prot
765 4486 808 4545 sq.
822 4463 989 4527 verosimile
1005 4462 1084 4539 facit,
1098 4476 1211 4544 patrem
1224 4463 1308 4527 huius
1320 4464 1427 4527 Eubuli
1442 4467 1527 4528 fuisse
1542 4465 1728 4547 spintharum
1742 4484 1819 4543 enm,
1839 4468 1876 4531 de

297 4585 356 4646 quo
383 4561 590 4644 Aristophanes
617 4564 706 4642 (avih.
726 4563 841 4642 v.762)
868 4564 954 4627 dicits
981 4565 1004 4625 ei
1025 4555 1056 4623 di
1077 4556 1223 4642 τυγχάνοι
1247 4588 1290 4629 τις
1315 4557 1354 4625 dv
1374 4562 1454 4651 Φρῦξ
1479 4557 1564 4637 μηδὲν
1590 4554 1671 4637 ἧττον
1697 4557 1877 4652 Σπινθάρου.

297 4663 390 4725 Addit
409 4663 560 4745 Droysen:
581 4663 685 4738 „deno
705 4662 848 4727 natiirlich
868 4686 924 4726 nur
944 4663 1103 4727 vomehme
1124 4664 1217 4727 Lente
1238 4664 1322 4728 lohnt
1342 4687 1373 4726 es
1394 4686 1427 4727 so
1449 4665 1489 4725 als
1503 4664 1727 4748 Eindringlinge
1748 4666 1806 4727 und
1821 4687 1873 4750 ge·

298 4763 391 4825 borne
412 4763 535 4826 Sclaven
556 4785 592 4823 zu
612 4763 848 4849 verdichtigen.”

339 4877 410 4960 (¹⁰¹)
441 4882 585 4964 Harpocr·
605 4903 668 4942 Μ·
689 4871 849 4947 Εὔβουλος.
901 4880 973 4962 (111)
994 4881 1139 4966 Harpocr.
1160 4904 1223 4946 ss.
1244 4875 1381 4969 θεωρικά.
1403 4881 1456 4944 cfr.
1478 4882 1564 4947 Phot.
1579 4883 1634 4947 lex.
1655 4903 1717 4947 tv.
1737 4875 1875 4969 Suspensi.

1441 5054 1449 5067 .
1556 4989 1593 5064 D
