4636 5940
1038 383 1095 473 68

277 587 436 684 stringit:
464 584 503 653 in
528 579 631 653 nulla
647 577 726 653 hlia
753 580 921 652 oratione
945 581 1054 654 toties
1081 602 1146 653 seu
1173 575 1275 672 dicit,
1305 604 1345 655 se
1370 579 1546 656 liberiore
1573 606 1742 658 sermone
1767 612 1851 660 usu-

276 736 357 782 rum
383 732 474 799 esse,
504 731 569 781 seu
594 722 700 809 rogat
722 722 764 780 ut
790 720 914 808 aperte
941 731 983 779 ac
1006 704 1123 780 libere
1148 704 1255 808 loqui
1279 707 1350 780 sibi
1374 706 1484 783 liceat
1504 708 1605 809 (²⁴⁰).
1645 709 1718 784 Per
1738 726 1854 785 totam

277 838 480 910 orationem
504 831 542 906 id
569 837 653 935 agit,
681 848 724 908 ut
751 857 828 925 eos,
859 835 923 934 qui
948 830 1212 924 contradicant,
1241 832 1389 908 refutet.
1431 833 1481 907 Hi
1502 861 1590 910 vero
1613 839 1662 910 ita
1683 853 1851 913 censent:

276 987 335 1037 ne.
349 959 621 1035 Demosthenes
652 958 697 1033 ad
729 958 871 1035 bellum
902 974 1029 1033 contra
1059 958 1275 1062 Philippum
1305 960 1499 1036 lacesseret
1528 964 1572 1035 iis
1603 966 1850 1066 patrocinans,

277 1091 341 1190 qui
361 1104 487 1190 aperte
506 1112 591 1162 eum
611 1087 824 1162 infestarent
844 1090 898 1188 (p.
914 1087 984 1160 103
997 1084 1062 1160 fin.
1083 1084 1135 1160 cf.
1147 1085 1206 1160 111
1220 1085 1318 1160 Phil.
1335 1113 1374 1189 p.
1389 1089 1489 1187 112).
1516 1088 1736 1191 Diopithem
1754 1093 1853 1164 enim

276 1239 384 1291 nares
409 1239 552 1317 rapere,
586 1218 737 1316 eiusque
770 1216 1013 1288 mercenarios
1046 1217 1083 1286 in
1111 1211 1358 1316 Hellesponto
1390 1217 1609 1291 insanientes
1636 1242 1854 1320 summaque

278 1340 457 1417 dementia
485 1340 671 1444 praeditos
696 1357 830 1429 terram
856 1355 965 1441 atque
992 1337 1129 1442 oppida
1156 1338 1315 1442 diripere
1347 1342 1482 1442 (pu-2.
1503 1343 1603 1444 p.93
1622 1341 1725 1442 fin.)·,
1759 1342 1853 1418 Dio-

277 1467 417 1571 pithem
443 1472 553 1570 igitur
577 1472 616 1542 in
642 1471 697 1541 ius
724 1465 931 1542 vocandum
958 1492 1035 1541 esse
1061 1467 1194 1568 (pst.
1215 1492 1256 1569 p.
1266 1468 1316 1540 94
1333 1470 1385 1541 in.
1405 1468 1507 1569 p.95
1524 1467 1621 1568 fin).
1650 1468 1746 1543 Vera
1763 1468 1854 1545 haec

277 1612 379 1669 sunt:
417 1599 551 1670 etenim
578 1596 714 1669 factum
741 1610 836 1685 erat,
871 1611 913 1667 ut
937 1591 1131 1695 Philippus
1159 1593 1352 1695 epistolam
1378 1592 1552 1669 Athenas
1567 1598 1745 1686 mitteret,
1784 1621 1856 1697 qua

277 1722 497 1814 minabatur,
520 1725 589 1797 nisi
610 1724 680 1824 ipsi
698 1721 939 1794 Athenienses
957 1718 1176 1821 Diopithem
1198 1737 1235 1794 et
1255 1719 1411 1795 colonos
1431 1724 1471 1794 in
1493 1719 1727 1797 Chersoneso
1749 1747 1853 1796 coer-

278 1865 423 1940 cerent,
458 1851 578 1951 ipsum
609 1873 647 1922 se
673 1849 719 1921 ab
746 1850 790 1922 iis
815 1845 1013 1923 vindictam
1039 1864 1283 1949 sumpturum.
1324 1847 1443 1921 Multa
1472 1846 1518 1923 de
1543 1847 1600 1922 his
1627 1852 1666 1922 in
1693 1848 1855 1924 ecclesiis

277 1991 355 2049 acta
384 1991 469 2050 sunt
499 1979 550 2073 (v.
572 1977 652 2049 init.
674 1980 800 2074 orat).
842 1973 1114 2050 Demosthenes
1145 1990 1287 2049 contra·
1303 1978 1426 2065 suasit,
1462 1991 1504 2048 ut
1529 1977 1652 2078 potius
1680 1975 1855 2050 auxilium

277 2101 414 2176 ferrent
444 2102 635 2204 Diopithi,
671 2120 714 2176 ut
745 2102 884 2203 legatos
916 2104 955 2175 in
982 2099 1158 2176 Graeciae
1189 2104 1354 2198 ciuitates
1383 2101 1467 2200 (²⁴¹)
1500 2106 1686 2178 mitterent
1718 2101 1854 2176 auxilio

277 2227 550 2319 convocandas3
578 2244 766 2329 praeterea
792 2244 833 2302 ut
858 2231 1031 2330 punirent
1057 2252 1135 2321 eos,
1165 2231 1230 2330 qui
1255 2232 1294 2301 in
1319 2230 1429 2304 rebus
1455 2225 1749 2304 administrandis
1772 2254 1854 2304 cor·

277 2358 398 2457 rumpi
424 2380 463 2428 se
487 2369 713 2457 paterentur,
744 2380 882 2457 eosque
902 2358 1126 2458 sempiterno
1149 2352 1236 2429 odio
1257 2371 1578 2457 persequerentur.
1616 2354 1758 2429 Tamen
1778 2380 1854 2429 ma·

277 2508 367 2583 gnus
393 2485 591 2557 etiamtunc
617 2497 695 2555 erat
721 2507 894 2555 numerus
919 2507 1061 2574 eorum,
1091 2485 1156 2583 qui
1179 2507 1259 2557 rem
1284 2484 1399 2584 pacis,
1428 2480 1588 2583 ideoque
1611 2507 1654 2556 ex
1676 2486 1855 2557 sententia

275 2606 556 2699 Demosthenis,
598 2604 764 2708 Philippi
798 2603 1056 2697 defenderent,
1095 2622 1137 2679 ut
1166 2605 1255 2679 dicit
1282 2634 1322 2707 p.
1339 2610 1409 2680 106
1433 2611 1501 2698 in.,
1540 2609 1606 2680 ubi
1635 2608 1857 2683 Aeschinem

277 2756 428 2834 quoque
455 2736 575 2830 ipsum
608 2729 824 2804 adumbrare
856 2731 946 2804 mihi
977 2729 1121 2807 ridetur
1151 2733 1246 2805 inter
1277 2756 1355 2822 eos,
1391 2735 1455 2833 qui
1481 2758 1526 2807 ex
1550 2732 1775 2834 ignobilibus
1800 2739 1854 2808 vi·

276 2860 325 2932 ris
351 2856 538 2931 clarissimi
564 2855 733 2957 famaque
759 2859 915 2957 insignes
939 2856 1025 2932 inde
1050 2856 1137 2932 facti
1162 2873 1282 2932 essent
1301 2856 1402 2957 (²⁴²).
1443 2856 1523 2933 Nec
1551 2863 1669 2935 minus
1696 2877 1856 2937 extrema

276 3120 330 3182 hae
351 3118 498 3181 Euboicae
521 3141 567 3181 res
588 3120 704 3180 nonnisi
726 3119 761 3179 ad
784 3118 858 3180 hunc
879 3140 983 3181 anuum
1004 3118 1153 3202 Sosigenis
1174 3119 1331 3198 quadrant,
1351 3119 1418 3179 vide
1434 3120 1614 3182 Winiewski
1635 3122 1748 3203 past,
1769 3144 1855 3204 quem

277 3221 394 3301 quidem
415 3233 532 3303 praeter
551 3219 627 3281 hunc
649 3220 735 3281 ctiam
756 3220 975 3282 antecedentem
996 3239 1101 3280 annum
1121 3218 1290 3300 permittere
1311 3218 1431 3281 nollem.
1462 3219 1594 3302 Namque
1608 3243 1669 3283 non
1683 3221 1855 3304 dereliquis-

276 3335 321 3383 set
344 3321 431 3382 Dem.
458 3321 538 3401 loqui
567 3320 603 3381 de
629 3319 673 3380 hir
701 3321 792 3402 pactis
818 3343 847 3402 p.
859 3319 914 3380 94:
942 3312 978 3379 dv
999 3315 1139 3378 ἇτιλὲὣν
1160 3318 1191 3377 ἐκ
1213 3311 1325 3404 Θρᾴκης
1344 3351 1385 3366 -
1404 3311 1449 3379 ἐπὶ
1469 3316 1601 3381 Χαλκίδα
1621 3314 1638 3395 ἢ
1659 3315 1782 3410 Μέγοιρα
1802 3318 1853 3402 ἥκῃ
1925 3344 1928 3351 ·

275 3418 323 3480 τὸν
344 3411 548 3503 αὐτὸντρόπον
569 3413 650 3503 ὅνπερ
671 3417 719 3477 ἐπ’
736 3416 830 3504 Ὠρεὸν
850 3411 926 3504 πρῷη
929 3446 1011 3494 .....
1032 3419 1092 3480 sive
1113 3417 1304 3480 Athenienses
1325 3421 1501 3500 vituperans,
1522 3423 1601 3502 quod
1624 3425 1776 3485 commoda
1798 3423 1853 3486 ob-

278 3523 333 3582 lata
353 3520 498 3604 persecuti
520 3540 579 3580 non
601 3532 706 3594 cuent,
731 3519 792 3580 sive
815 3518 981 3609 cohortans,
1000 3532 1033 3578 ut
1052 3539 1127 3579 nunc
1149 3519 1184 3579 iis
1200 3540 1326 3600 ,operam
1348 3518 1460 3579 duent
1491 3517 1532 3579 At
1552 3533 1617 3582 toto
1638 3533 1772 3604 tempore
1794 3546 1853 3604 quo

278 3644 328 3684 rex
350 3621 380 3681 in
400 3619 524 3681 Thracia
546 3632 631 3697 essct,
651 3618 724 3679 nibil
744 3620 775 3680 in
795 3618 915 3680 Euboea
936 3617 971 3678 ab
991 3617 1215 3680 Atheniensibus
1236 3631 1348 3703 gestum
1370 3640 1441 3695 esse,
1462 3619 1513 3681 sed
1535 3632 1636 3682 contra
1657 3643 1712 3683 nec
1734 3635 1854 3685 conatos

277 3744 328 3784 eos
350 3743 412 3793 esse
434 3721 591 3802 impedire,
617 3741 655 3781 ne
676 3718 826 3801 Philippus
847 3718 1029 3781 Philistidem
1051 3718 1139 3795 Orci,
1166 3716 1345 3780 Clitarchum
1366 3719 1497 3781 Eretriae
1526 3720 1685 3783 collocaret
1705 3737 1855 3806 tyrannos,

272 3824 309 3883 in
330 3822 391 3905 ipsa
413 3833 485 3883 orat.
508 3821 544 3882 de
560 3817 704 3883 Cherson.
722 3820 876 3883 admodum
897 3820 987 3882 dolet
1019 3821 1100 3904 Ergo
1122 3841 1181 3880 non
1203 3820 1234 3879 in
1254 3842 1306 3882 ver
1327 3820 1393 3880 anni
1407 3818 1466 3880 341
1483 3822 1682 3902 promovenda
1696 3844 1757 3887 esse
1771 3825 1855 3886 vide-

231 3931 235 3938 ’
276 3937 324 3985 tur
346 3923 449 3986 oratio.
479 3922 659 3984 Winiewski
680 3943 709 4004 p.
719 3919 780 3982 177
791 3943 853 4002 sqq.
875 3922 906 3980 in
926 3919 983 3981 fine
1005 3921 1148 3981 auctumni
1171 3919 1268 3982 aaut
1289 3920 1395 4004 posuit
1426 3920 1495 3984 Nou
1516 3920 1610 3985 habeo
1625 3924 1760 4003 equidem
1774 3925 1854 4003 quod

278 4023 483 4086 contradicam.

318 4138 388 4221 (¹⁴⁰)
419 4163 449 4222 p.
457 4138 497 4200 95
511 4139 565 4199 itu:
586 4133 727 4211 Βούλομαι
748 4136 837 4201 τοίνυν
857 4141 933 4212 ὑμᾶς
951 4137 1024 4211 μετὰ
1044 4136 1201 4229 παρ’ῥηοῖαο
1220 4133 1356 4223 igneolo-at
1377 4137 1414 4200 ui
1435 4134 1618 4227 παρόντα...
1640 4154 1671 4202 et
1686 4141 1757 4203 fine:
1777 4134 1853 4226 λε’ξω

277 4239 309 4304 dl
329 4239 401 4314 nerei
421 4232 585 4327 παρῥηοῖας.
616 4262 645 4323 p.
658 4237 712 4300 97:
734 4272 774 4288 -·
794 4235 847 4300 uoci
863 4264 907 4311 μοι
928 4237 997 4324 arpis
1015 4239 1110 4312 θεῶν,
1137 4235 1204 4303 ὅταν
1224 4233 1305 4301 ἕνεκα
1325 4245 1377 4300 τοῦ
1395 4234 1550 4309 βελτίστου
1571 4233 1663 4319 λέγω,
1689 4232 1760 4302 ἵστω
1782 4241 1854 4330 παῤ-

276 4370 359 4430 perosa
380 4376 419 4390 -

318 4463 389 4544 (²⁴¹)
420 4464 514 4525 Etiam
535 4460 571 4522 ad
592 4481 692 4546 regem
713 4459 865 4523 Persarum
886 4462 997 4547 legatos
1018 4463 1174 4526 mittendos
1195 4481 1256 4523 esse
1277 4459 1400 4544 legimus
1421 4461 1452 4520 in
1472 4460 1518 4519 III
1532 4459 1658 4544 Philipp.
1674 4484 1703 4545 p.
1711 4464 1781 4525 129.
1813 4462 1855 4524 At
1968 4543 1973 4549 ¹

278 4562 378 4625 absunt
398 4564 468 4626 baec
490 4563 525 4624 ab
546 4586 631 4625 mser.
651 4562 741 4623 Paris.
756 4562 794 4640 Σ,
815 4562 844 4622 in
866 4584 922 4643 qua
942 4565 1120 4626 veteriorem
1141 4561 1279 4624 orationis
1300 4561 1385 4624 nobis
1406 4573 1545 4623 servatam
1567 4583 1629 4625 esse
1651 4564 1852 4625 recensionem

279 4664 453 4747 Spengelius
474 4665 506 4725 in
528 4665 771 4727 commentatione
793 4663 829 4725 de
851 4663 990 4725 metit.
1010 4664 1091 4726 1839
1111 4660 1255 4747 probarit

318 4777 389 4860 (Μ)
421 4782 440 4840 l.
452 4783 471 4843 l.
492 4781 561 4844 ἀλλ’
574 4776 739 4864 Ἀθήνῃσιν
752 4781 785 4844 oti
806 4776 886 4854 μένον
902 4777 1072 4861 Ἀμφίπολιν
1091 4774 1140 4841 καὶ
1152 4775 1210 4852 ’τὴν
1223 4776 1386 4867 Καρδιανῶν
1406 4773 1507 4868 χώραν
1521 4772 1743 4868 ἀπεστερηκότος
1756 4778 1854 4842 Φιλίτ-

277 4905 349 4953 του,
373 4877 451 4941 ἀλλὰ
470 4875 519 4943 καὶ
537 4926 545 4941 .
561 4928 568 4943 .
584 4929 591 4944 .
607 4929 614 4944 .
633 4878 681 4945 uui
707 4889 755 4946 νῦν
781 4878 825 4946 iri
845 4875 997 4958 Βυζάντιον
1017 4875 1163 4970 παριέντος
1182 4873 1317 4962 circuis
1335 4881 1395 4944 im
1414 4875 1508 4964 λίνεον
1529 4873 1597 4969 ὑπὲρ
1617 4876 1766 4943 Φιλίππου.
1796 4904 1854 4942 τοι·
