4636 5940
1135 470 1193 566 77

369 671 553 774 vigilantia
576 668 850 759 Demosthenis,
881 666 966 742 inde
994 671 1152 772 captatio
1178 673 1232 744 rei
1258 669 1499 775 Antiphontis
1525 689 1563 747 et
1583 673 1755 767 Anaxini,
1785 691 1823 751 et
1849 675 1951 778 quod

370 815 535 874 secutum
569 814 624 873 est
655 801 840 901 Areopagi
876 794 1065 870 indicium.
1102 792 1203 869 -Non
1239 812 1361 872 umen
1398 797 1484 874 inde
1520 803 1732 895 coniiciam,
1773 800 1811 874 id
1847 800 1950 905 quod
2062 838 2078 861 .

369 924 582 1030 Droysenus
604 918 696 1047 Q
715 925 770 1027 (p.
787 926 886 1022 182),
917 925 962 998 ab
982 923 1056 997 illis
1075 926 1306 1027 temporibus
1327 924 1623 1002 infestationibus
1640 928 1825 1032 Areopagi
1846 927 1951 1007 datos

370 1078 447 1127 esse
474 1050 616 1142 divites,
652 1055 716 1153 qui
743 1076 788 1125 eo
814 1075 933 1153 usque
959 1067 1145 1152 tamquam
1170 1067 1330 1153 patrono
1356 1053 1508 1128 Eubulo
1533 1042 1646 1157 gratia
1672 1055 1846 1158 populari
1874 1082 1949 1131 ma·
1985 1075 1991 1083 ’

368 1183 465 1253 xime
495 1179 604 1253 fructi
635 1195 768 1254 essent.
815 1177 964 1280 Populo
997 1180 1094 1252 enim
1125 1181 1164 1250 in
1196 1176 1349 1253 ecclesia
1380 1178 1594 1283 suffragium
1626 1184 1794 1275 ineunte,
1837 1208 1966 1286 quem

368 1331 495 1380 causae
520 1304 696 1381 Deliacae
727 1309 911 1380 institutae
943 1302 1160 1379 advocatum
1190 1322 1345 1398 crearet,
1378 1332 1462 1379 cum
1493 1322 1593 1382 certe
1618 1310 1948 1409 praestantissimus

370 1450 495 1507 orator
521 1448 771 1534 quaereretur,
801 1435 940 1533 quique
966 1431 1121 1506 honeste
1141 1435 1301 1525 vixisset,
1330 1430 1545 1525 Aeschines,
1577 1450 1614 1507 et
1641 1433 1794 1510 fortasse
1817 1436 1863 1508 ab
1885 1433 1948 1522 ad-

367 1562 533 1635 versariis
558 1562 635 1633 eius
654 1555 860 1663 Hyperides
885 1558 1205 1662 proponebantur.
1243 1556 1423 1662 Superior
1446 1563 1580 1634 exstitit
1601 1559 1858 1663 suffragiorum
1880 1587 1947 1636 nu·

245 1773 247 1777 ¹
367 1711 472 1759 mero
495 1684 708 1777 Aeschines,
743 1690 774 1759 is
804 1688 868 1787 qui
899 1684 1046 1791 mythos
1074 1689 1233 1760 orationi
1257 1709 1345 1761 suae
1370 1684 1569 1760 intexendo
1596 1690 1668 1761 iem
1694 1703 1777 1762 ante
1803 1685 1946 1790 Philip·

366 1840 459 1914 pum
484 1838 592 1888 orans
618 1811 839 1888 excelluerat
858 1813 959 1911 (266).
1001 1809 1273 1886 Demosthenes
1299 1827 1336 1885 et
1363 1816 1482 1906 amici,
1511 1837 1558 1888 ne
1584 1813 1647 1888 ille
1672 1813 1746 1889 hoc
1767 1813 1946 1889 honestis·

367 1944 499 2014 simum
529 1965 662 2014 munus
691 1940 831 2014 subiret
858 1938 1020 2041 indeque
1052 1943 1228 2013 maiorem
1256 1941 1365 2012 etiam
1392 1943 1645 2015 auctoritatem
1670 1967 1713 2015 ac
1738 1942 1947 2045 superbiam

335 2093 338 2096 ⁴
365 2084 525 2169 pararet,
550 2064 683 2141 callide
704 2065 921 2158 effecerunt,
947 2082 989 2141 ut
1008 2068 1214 2168 Areopago·
1229 2091 1290 2140 res
1313 2064 1543 2141 decernenda
1565 2065 1783 2159 traderetur,
1811 2085 1848 2143 et
1869 2092 1946 2143 rem

367 2193 605 2295 Antiphontis
632 2196 906 2269 arcessiverunt.
950 2191 1026 2287 Qui
1052 2209 1187 2284 autem,
1216 2209 1257 2267 ut
1283 2191 1420 2268 iudicio
1445 2219 1513 2269 suo
1540 2220 1658 2297 nuper
1680 2194 1778 2269 sacto
1802 2211 1946 2269 consta·

366 2335 440 2411 ret,
474 2334 518 2394 ut
542 2317 749 2425 Hyperides
779 2336 919 2412 oraret,
955 2317 1140 2395 iudicarit.
1187 2317 1324 2391 Verum
1356 2333 1479 2393 umen
1509 2344 1607 2392 anno
1637 2334 1724 2421 post
1754 2319 1947 2422 pylagoras

316 2461 317 2465 ’
367 2461 508 2521 creatus
541 2462 613 2538 est,
651 2472 873 2549 quamquam
907 2459 1035 2521 contra
1065 2442 1282 2547 Philippum
1315 2444 1456 2519 bellum
1488 2448 1560 2518 iam
1595 2442 1817 2519 declaratum
1851 2463 1941 2520 erat.

364 2571 560 2676 Philippus
587 2575 685 2647 enim
711 2589 845 2648 aestate
873 2600 906 2647 a.
924 2575 998 2648 311)
1027 2570 1299 2648 Chersonesum
1324 2574 1476 2648 vastavit
1506 2587 1544 2645 et
1570 2569 1787 2647 Perinthum
1815 2572 1946 2646 urbem
2029 2646 2032 2651 .

364 2698 514 2774 adortus
541 2716 608 2790 est,
638 2723 732 2801 quae
758 2698 982 2802 aByzantiis
1008 2715 1091 2793 eta
1112 2722 1195 2798 rege
1216 2694 1409 2771 Persamm
1436 2696 1631 2772 fortissime
1658 2702 1870 2801 magnisque
1890 2702 1944 2774 vi·

364 2828 466 2901 ribus
491 2823 613 2900 adiuta
637 2823 905 2900 Macedonibus
932 2823 996 2899 diu
1021 2826 1166 2899 restitit.
1213 2824 1424 2898 Auctumno
1451 2821 1612 2926 denique
1640 2850 1673 2898 a.
1697 2823 1946 2928 Theophrasti

365 2949 700 3052 01.110.1(340)
725 2952 896 3027 columna
922 2956 1021 3056 pacis
1047 2975 1171 3027 eversa
1192 2951 1278 3051 (266)
1303 2948 1441 3026 Chares
1462 2950 1644 3055 Byzantiis
1670 2950 1806 3025 auxilio
1833 2955 1944 3027 mitti·

258 3092 262 3099 '
364 3097 425 3155 tur
448 3083 553 3182 isque
578 3082 756 3181 imprimis
777 3079 1031 3150 Demosthene
1057 3091 1213 3154 auctore,
1227 3076 1328 3171 (262).
1366 3071 1490 3167 Quem
1510 3100 1595 3149 cum
1615 3075 1781 3178 Byzantii
1804 3073 1944 3152 diffidis

364 3210 457 3280 moti
488 3228 535 3276 ne
566 3205 735 3301 excipere
768 3198 918 3301 quidem
948 3198 1168 3289 voluissent,
1203 3212 1240 3270 et
1264 3196 1507 3273 Athenienses
1538 3203 1577 3274 in
1608 3224 1673 3275 eos
1698 3203 1780 3275 irati
1807 3220 1940 3297 essent,

364 3329 547 3419 Phocion,
577 3352 625 3400 ne
648 3321 901 3400 diffidentibus
922 3328 1029 3401 sociis
1049 3328 1302 3416 irascerentur,
1331 3340 1473 3419 monet,
1502 3324 1565 3401 sed
1588 3324 1742 3402 ducibus
1763 3332 1826 3430 qui
1848 3327 1942 3403 fidu·

365 3461 419 3533 cia
445 3454 594 3530 illorum
620 3479 697 3528 non
724 3469 844 3528 essent
864 3450 977 3554 digni.
1012 3450 1159 3527 Deinde
1181 3453 1259 3554 ipse
1280 3449 1354 3526 dux
1375 3467 1516 3528 creatus
1537 3470 1574 3529 et
1593 3480 1613 3528 a
1633 3454 1818 3559 Byzantiis
1839 3457 1942 3531 laetis

366 3599 538 3688 exceptus
563 3580 699 3674 effecit,
729 3597 771 3655 ut
795 3605 859 3655 rex
883 3578 1018 3654 infecta
1044 3605 1084 3654 re
1107 3576 1313 3655 discederet
1332 3581 1421 3678 (266)
1445 3606 1478 3654 a.
1494 3581 1583 3654 339.
1617 3582 1739 3656 Etiam
1760 3581 1941 3685 Cephiso·

364 3711 543 3816 phontem
569 3736 642 3784 una
668 3735 752 3783 cum
770 3705 963 3782 Phocione
989 3706 1064 3783 hoc
1089 3732 1186 3781 anno
1213 3703 1344 3780 ducem
1364 3705 1642 3783 Atheniensium
1666 3707 1789 3801 fiisse,
1817 3710 1942 3786 videre

363 3839 451 3914 licet
477 3863 498 3913 e
523 3835 648 3912 tabula
672 3833 903 3910 trierarchica
930 3832 1028 3937 apud
1054 3831 1285 3910 Boeckhium
1312 3834 1412 3934 (²⁶⁹).

370 4020 538 4030 ——a—-o
545 4010 1941 4028 mnu-ou*

406 4120 476 4203 (266)
507 4120 566 4182 vid.
587 4117 684 4180 n.179
704 4129 819 4180 nostrae
841 4128 996 4180 comment
1033 4116 1206 4201 Fragmenta
1225 4116 1362 4179 Deliacae
1391 4116 1547 4195 otthonis,
1574 4129 1607 4178 ut
1631 4117 1746 4179 videtur
1767 4118 1941 4201 Hyperidis,

364 4225 430 4285 satis
453 4222 622 4297 ostendunt,
643 4221 673 4280 in
694 4218 747 4280 hac
769 4238 852 4280 causa
871 4219 992 4279 maxime
1012 4215 1127 4299 mythos
1147 4217 1320 4300 spectandos
1341 4217 1437 4280 fuisse.
1470 4217 1528 4278 rid.
1548 4217 1677 4280 Boeckh.
1697 4218 1735 4281 de
1754 4239 1825 4280 sacr.
1840 4218 1940 4300 Apoll.

364 4322 433 4384 Deli
448 4322 500 4382 ins.
522 4321 560 4381 cf.
575 4322 661 4383 Dem.
677 4319 714 4383 de
729 4341 790 4382 cor.
805 4315 913 4400 past,
932 4318 983 4380 ubi
996 4317 1155 4380 Aeschines
1168 4317 1277 4379 dicitur
1290 4310 1489 4404 adspersiones
1502 4308 1610 4398 λέγουο
1621 4310 1670 4379 καὶ
1683 4311 1800 4390 μύθους
1813 4312 1941 4383 cessele.

407 4437 477 4519 (¹⁶⁶)
507 4437 640 4500 Philoeh
655 4460 701 4520 ap.
715 4439 838 4521 Dionys.
853 4438 898 4499 ad.
911 4437 1007 4499 Amm.
1028 4438 1110 4499 ο.11.

406 4555 476 4636 (¹⁶⁷)
508 4556 584 4618 Plus
598 4557 649 4616 vit.
664 4555 755 4618 Phoc.
770 4556 857 4619 ete:
878 4558 957 4616 -oi
977 4528 1031 4626 μὶν
1045 4547 1156 4642 ῥήτορες
1176 4549 1350 4634 ἠγωνίσαντο
1369 4553 1417 4616 τᾶν
1430 4551 1547 4642 Xn'psyroe
1564 4551 1721 4641 στρατηγὼ
1735 4551 1941 4628 ἀποσταλῆναι,

363 4653 412 4720 καὶ
431 4649 564 4720 πλούτοιο
583 4657 684 4720 ἰκτῖνος
705 4646 784 4716 seth
804 4648 887 4742 ἄξιον
906 4661 957 4729 τοῖο
978 4650 1122 4726 δυνάμεως
1141 4647 1286 4742 ἔτραπον,
1306 4651 1370 4717 οὐδ’
1385 4658 1414 4717 ni
1434 4648 1529 4720 τέλεος
1546 4647 1681 4734 ἇδέχοντο
1695 4651 1742 4715 τὸν
1756 4647 1856 4716 στόλον
1869 4653 1940 4717 ἀλλ’

364 4755 492 4823 ὕποπτος
517 4751 553 4817 sis
578 4761 667 4817 τοῖσιν
692 4756 834 4816 inmeiat
862 4751 1103 4844 χρηματοζόμονοο
1122 4752 1180 4817 ἀντὶ
1201 4760 1256 4817 τοῖν
1277 4750 1442 4836 συμμάχων
1461 4748 1510 4816 sessi
1529 4749 1790 4842 καταφρονούμενος
1810 4754 1865 4817 dei
1884 4760 1941 4818 τοῖν

363 4853 510 4933 πολεμίων.
663 4853 734 4937 (¹⁶⁸)
764 4857 841 4918 Plnt
855 4856 1060 4942 apophthegm.
1081 4857 1224 4919 Phocion.
1240 4856 1269 4918 8.

405 4974 476 5058 (¹⁶⁹)
508 4975 545 5038 de
566 4996 599 5039 re
619 4974 713 5041 navali
732 4973 903 5037 tahxmae.
918 4974 968 5037 98.
989 4974 1226 5039 sintahma·
1240 4973 1299 5038 241
1322 4975 1365 5038 sic
1385 4974 1529 5039 eutimius
1549 4967 1614 5037 'tri
1627 4968 1812 5065 Θεοφράστου
1829 4965 1939 5063 ἔρχον-
