4636 5940
1131 415 1189 503 69

365 642 405 719 p.
420 615 491 687 toa
509 628 546 686 et
558 638 597 713 p.
613 612 683 685 103
710 607 756 684 ad
774 608 1010 719 Aeschinem
1023 611 1175 711 eiusque
1202 609 1336 684 similes
1358 609 1485 707 (velim
1500 614 1622 714 ipsum
1640 613 1845 712 Eubulum)
1864 641 1947 717 spe·
2063 716 2069 725 ι

366 756 459 831 ctat3
481 755 603 813 tamen
621 737 732 811 nullis
750 737 871 812 verbis
889 740 1051 838 apertius
1070 734 1244 811 describit
1256 735 1476 811 Aeschinem
1496 742 1647 841 eiusque
1666 765 1809 814 causam
1830 766 1947 844 nupe-

364 893 443 941 ram
469 893 582 969 quam
606 865 663 938 his
688 865 862 966 (p.105):
892 857 928 935 τί
949 864 1027 935 ποτ’
1047 858 1099 935 οὖν
1124 858 1250 938 ἐκείνως
1274 866 1341 940 τοῖς
1366 855 1478 940 ἄλλοις
1505 861 1560 938 sal
1585 866 1620 939 οὐ
1641 861 1695 939 τὸν
1713 862 1809 940 αὐτὸν
1826 859 1944 976 τρόπον

364 995 438 1083 ὑμῖν
464 985 676 1100 προςφὲρεται
701 989 957 1092 (Philippus);
994 979 1041 1063 ‘e'rs
1074 993 1104 1062 ἓν
1137 982 1215 1086 μόνῃ
1241 990 1304 1062 τῶν
1331 992 1449 1065 πατῶν
1477 987 1601 1065 πέλεων
1627 994 1665 1090 τῇ
1691 987 1832 1101 ὑμετέρᾳ
1857 987 1950 1067 <ilisa

366 1115 445 1228 ὑπὲρ
471 1120 534 1192 τῶν
560 1115 700 1226 ἐχθρῶν
726 1111 831 1205 λέγειν
859 1109 999 1200 δέδοται,
1026 1113 1081 1190 nal
1105 1105 1260 1196 λαβὸντα
1285 1108 1438 1224 χρίμαϊ
1457 1112 1552 1191 αὐτὸν
1579 1113 1732 1217 ἀσφαλές
1752 1124 1824 1194 ἐστι
1843 1115 1948 1209 λέγειν

366 1248 448 1354 παρ’
467 1248 558 1335 ὑμῖν,
585 1234 646 1318 κᾶν
673 1238 866 1352 ἀφῃρημένοι
892 1236 936 1316 τοὶ
960 1238 1099 1351 ὑμέτερα
1125 1244 1229 1316 αὐτῶν
1255 1234 1310 1330 ἦτε
1334 1242 1560 1340 (Phocenses
1578 1271 1712 1348 nempe
1730 1245 1786 1320 his
1802 1251 1944 1348 tangit).

504 1369 662 1447 Perinde
683 1369 796 1445 altera
816 1369 923 1444 huius
944 1373 1029 1445 anni
1051 1374 1229 1458 oratione,
1254 1373 1360 1444 tertia
1380 1367 1603 1473 Philippica,
1628 1376 1723 1446 circa
1743 1370 1841 1447 idem
1864 1399 1948 1447 cum

366 1500 428 1574 illa
454 1502 621 1573 oratione
648 1513 793 1600 tempus
819 1496 942 1569 habita
961 1497 1047 1594 (²⁴³)
1071 1501 1193 1599 primo
1215 1495 1366 1599 quidem
1387 1494 1614 1572 adversarios
1637 1501 1775 1573 cautius
1794 1503 1947 1574 insecta·

363 1644 424 1701 tur
448 1625 549 1724 (Μ).
594 1623 840 1700 Vehementer
878 1621 1060 1698 desiderat
1101 1639 1242 1727 tempus
1284 1624 1593 1727 praeterlapsum‚
1638 1650 1715 1727 quo
1757 1629 1945 1698 communi

366 1751 455 1827 odio
483 1755 648 1827 omnium
672 1751 879 1853 ultimoque
911 1750 1094 1853 supplicio
1127 1754 1310 1853 persecuti
1337 1766 1456 1824 essent
1482 1776 1566 1853 eos,
1602 1755 1666 1853 qui
1691 1751 1901 1853 largitiones
1927 1778 1947 1824 a

366 1879 626 1954 dominationis
651 1876 793 1981 cupidis
820 1881 1057 1981 accepissent,
1088 1902 1239 1979 quoquc
1265 1903 1334 1953 nco
1360 1876 1571 1980 deprecatio
1597 1904 1665 1952 nec
1691 1884 1795 1953 venia
1821 1877 1947 1952 locum

365 2007 552 2081 habuisset
584 2007 645 2109 (p.
666 2007 737 2079 120
760 2004 825 2079 fin.
863 2001 919 2078 sul
944 1998 1138 2112 reprimere
1164 1999 1294 2095 οὐδεμία
1319 1995 1353 2089 ἥν
1381 1999 1449 2077 eddi
1475 1996 1686 2105 συγγνώμη).
1745 2004 1947 2108 Comparat

363 2159 536 2238 praesens
556 2149 701 2234 tempus
723 2158 763 2234 p.
776 2133 844 2204 121
865 2135 933 2206 im:
965 2132 1016 2204 vir
1042 2126 1073 2203 δ’
1096 2121 1230 2204 ἅπανθ’
1253 2121 1355 2240 ὥςπερ
1381 2133 1421 2233 ἕξ
1446 2132 1569 2239 ἀγορᾶς
1593 2127 1798 2241 ἐκπέπραται
1824 2132 1947 2214 τοῦτο,

365 2261 565 2345 ἄντειςῆιοτωι
595 2252 627 2329 dl
657 2253 727 2330 deri
756 2248 895 2340 retiret,
927 2259 990 2352 ὑφ’
1018 2250 1059 2330 οἷν
1091 2247 1246 2329 ἄπολωλε
1278 2254 1334 2331 sal
1365 2250 1527 2341 νενόσηκεν
1560 2260 1577 2343 ἡ
1608 2252 1742 2335 Ἑλλάς.
1780 2259 1887 2331 ταῦτα
1913 2253 1947 2329 d’

364 2382 435 2461 ἐστὶ
452 2381 502 2469 τι’;
528 2382 641 2474 ζῆλος,
667 2377 702 2454 οἴ
719 2411 767 2459 τις
792 2376 906 2480 εἴληφέ
926 2412 972 2457 τι·
999 2378 1121 2472 γέλως,
1148 2373 1185 2455 ἂν
1204 2384 1361 2479 ὁμολογῇ·
1389 2374 1587 2480 [συγγνώμη
1605 2387 1672 2460 τοῖς
1688 2378 1948 2482 ἐλεγχομένοις]

365 2518 476 2605 pieac,
507 2500 545 2583 dv
571 2500 695 2585 τούτοις
720 2538 768 2586 τις
793 2511 937 2604 ἐπιτιμᾷ.
982 2511 1084 2584 Haec
1112 2526 1272 2584 extrema
1299 2510 1410 2584 verba
1438 2512 1528 2612 quin
1559 2513 1598 2583 in
1625 2536 1768 2584 causam
1795 2509 1946 2584 Aeschi-

365 2645 421 2715 nis
448 2636 544 2711 dicta
573 2639 663 2726 sint,
697 2661 775 2709 non
801 2634 1044 2709 dubitandum
1071 2634 1235 2726 videtur3
1272 2652 1309 2708 et
1339 2638 1417 2737 ipsa
1444 2652 1659 2737 argumento
1686 2661 1763 2711 esse
1789 2639 1944 2738 possint,

364 2762 624 2866 deprecatione
650 2760 789 2834 Eubuli
822 2766 874 2859 (et
900 2766 1115 2837 auctoritate
1139 2759 1355 2860 Phocionis)
1386 2765 1530 2836 veniam
1557 2762 1731 2836 Aeschini
1757 2790 1778 2836 a
1803 2762 1947 2865 populo

365 2888 486 2965 datam
513 2914 590 2963 esse
612 2888 711 2988 (²⁴⁴).
754 2887 790 2961 A
809 2887 928 2962 media
954 2886 1089 2963 deinde
1109 2916 1149 2991 p.
1166 2890 1235 2962 tat
1256 2889 1371 2962 fusius
1391 2905 1433 2964 ut
1453 2905 1577 2963 caveat
1597 2889 1761 2992 populus
1781 2914 1846 2964 eos
1867 2914 1946 2964 mo·

365 3033 441 3108 net,
467 3020 531 3120 qui
543 3042 614 3120 pro
627 3015 804 3118 Philippo
823 3015 1067 3115 loquerentur
1086 3015 1196 3110 (nihil
1214 3012 1303 3088 dicit
1320 3018 1477 3115 pecunia
1496 3018 1706 3116 corruptos)
1720 3013 1947 3090 blandiendo

363 3143 497 3248 populi
523 3146 684 3216 auribus.
732 3141 837 3211 Alios
864 3142 962 3211 enim
987 3162 1157 3228 censere,
1191 3141 1385 3240 pecrmiam
1413 3137 1614 3239 cogendam
1642 3163 1739 3240 esse,
1773 3138 1843 3214 hos
1869 3167 1947 3215 non

365 3368 463 3460 γάρτοι
488 3365 594 3432 τούτων
619 3362 668 3441 μὶν
695 3370 725 3430 ἐκ
753 3374 879 3448 πτωχῶν
901 3362 964 3429 ἔνιοι
984 3365 1068 3448 πωχι)
1089 3362 1219 3428 πλούσιοι
1240 3363 1386 3449 γίγνονται
1407 3363 1455 3429 καὶ
1476 3367 1511 3454 ἔξ
1531 3362 1681 3442 ἀνωνύμων
1701 3364 1749 3430 ua}
1770 3365 1883 3453 ἀδόξων
1904 3366 1947 3430 ἕν-

366 3472 445 3559 δοξοι
466 3466 514 3533 καὶ
536 3464 664 3559 γνώριμοι
685 3497 711 3532 κ.
723 3496 747 3530 τ.
758 3481 786 3529 λ.
808 3469 860 3531 cfr.
875 3470 961 3532 Dem.
976 3495 1007 3529 π.
1022 3495 1146 3556 παραπρ.
1167 3470 1265 3551 p.386
1280 3472 1320 3530 in.

408 3591 477 3673 (²⁴³)
509 3593 722 3652 Zimmermann
744 3590 763 3650 l.
775 3589 794 3649 l.
810 3611 838 3670 p.
847 3587 887 3648 94
901 3611 944 3670 sq.
958 3590 1077 3671 primus,
1098 3588 1178 3669 quod
1192 3590 1291 3665 sciam,
1313 3590 1445 3651 ordinem
1463 3590 1562 3651 harum
1577 3591 1741 3652 orationum
1755 3594 1883 3665 mutavit,
1905 3593 1944 3651 ita

365 3709 397 3757 ut
421 3694 506 3755 tertia
532 3691 694 3773 Philippica
720 3690 770 3750 illa
795 3689 878 3772 prior
903 3689 948 3750 sit
987 3690 1133 3771 Droysen.
1154 3690 1173 3750 l.
1185 3691 1205 3751 l.
1225 3713 1254 3772 p.
1263 3689 1303 3750 94
1317 3711 1360 3770 sq.
1382 3689 1455 3751 hanc
1483 3711 1558 3751 auno
1580 3689 1641 3751 342
1671 3691 1784 3752 exeunti
1807 3692 1945 3774 assignat,

366 3794 443 3857 illam
464 3792 527 3854 veri
548 3792 614 3851 anni
635 3791 781 3871 sequentis
802 3792 844 3870 (r.
859 3790 985 3869 uate).
1017 3790 1156 3875 Spengel.
1171 3791 1190 3851 l.
1203 3791 1221 3851 l.
1237 3791 1312 3872 p.11
1328 3803 1459 3852 veterem
1480 3811 1496 3850 a
1516 3791 1662 3872 Dionysio
1684 3791 1871 3853 constitutum
1892 3814 1943 3853 or-

366 3897 463 3956 dinem
484 3904 611 3954 revocat
643 3891 823 3952 Winiewski
845 3890 942 3972 p.177
959 3913 1022 3972 sqq.
1044 3892 1174 3973 priorem
1193 3892 1292 3952 sunsit
1313 3902 1385 3952 orat
1407 3891 1443 3951 de
1464 3887 1567 3952 Chers.
1589 3912 1687 3952 mense
1709 3893 1827 3954 circiter
1848 3891 1942 3972 Pyen-

367 3996 496 4078 epsione‚
517 3993 631 4054 tertiam
653 3990 843 4073 Philippicam
865 3990 1035 4051 brevissimo
1057 3993 1197 4072 temporis
1218 3991 1373 4053 intervallo
1395 4004 1462 4072 post
1483 3991 1561 4052 illam
1582 3990 1691 4052 habitas
1714 4012 1784 4053 esse.

407 4112 478 4193 (¹⁴⁴)
510 4110 682 4194 Spengelius
704 4110 740 4170 de
758 4109 832 4170 Phil.
847 4109 892 4169 ΠΙ
912 4110 1154 4171 commentatione
1176 4133 1204 4191 p.
1212 4108 1253 4169 24
1274 4109 1304 4169 in
1326 4109 1426 4192 priore
1449 4111 1588 4171 orationis
1610 4112 1792 4185 recemione‚
1814 4114 1945 4192 quaesit

367 4217 397 4274 in
417 4234 502 4274 aruer.
517 4213 648 4275 Paris}
669 4209 758 4273 verba
778 4211 859 4271 uncis
880 4211 988 4271 inclusa
1009 4210 1147 4270 excidisse
1168 4209 1340 4292 comprobat
1361 4233 1395 4272 er
1409 4211 1499 4272 causis
1513 4210 1678 4273 rhetoricis
1711 4208 1870 4272 Concludit
1884 4211 1943 4271 his:

366 4313 462 4390 „wir
482 4311 606 4394 glauben
626 4311 776 4387 demach,
798 4310 858 4370 dass
881 4313 933 4372 mit
955 4310 1011 4372 den
1025 4311 1160 4372 Wortcn
1174 4302 1266 4388 γὲλως
1280 4303 1316 4370 ἂν
1331 4310 1456 4392 ὁμολογῇ
1477 4312 1506 4371 in
1521 4310 1815 4396 engerVerbindung
1828 4311 1942 4371 stehen:

367 4418 462 4484 μῖσος,
483 4404 518 4469 ἂν
539 4403 647 4474 τούτοις
667 4436 709 4475 τις
729 4413 852 4486 ἐπιτιμᾷ,
877 4412 936 4471 und
958 4411 1053 4473 halten
1074 4411 1154 4491 jencs
1176 4411 1309 4473 Emblem
1330 4412 1377 4472 liir
1398 4414 1483 4473 einen
1504 4403 1737 4495 ung'eschickten‚
1759 4411 1809 4470 des
1830 4413 1943 4472 Demo-

367 4513 481 4576 sthenes
506 4512 588 4570 kaum
614 4512 767 4594 wirrdigen
794 4514 910 4588 zuram,
938 4511 1071 4574 walchen
1098 4512 1169 4573 auch
1197 4513 1250 4572 Hr.
1270 4513 1351 4573 Prof.
1373 4513 1458 4574 llalm
1485 4510 1943 4594 (BayerischeAnnalen1834.

367 4613 480 4691 uo.52)
502 4612 542 4673 als
562 4610 668 4673 unicht
688 4613 853 4673 verworsen
875 4612 933 4672 hat
964 4602 1111 4698 llbrigens
1133 4614 1261 4675 versteht
1281 4613 1367 4674 Dem.
1388 4626 1584 4693 ersteresvon
1597 4610 1788 4685 Philocrates,
1810 4612 1944 4673 letateres

368 4713 483 4774 bezieht
503 4710 565 4774 sich
587 4711 638 4772 aul
654 4710 704 4770 ibn
726 4711 814 4773 selbst
834 4714 893 4773 und
914 4714 994 4776 aeine
1015 4715 1083 4775 hura
1105 4713 1213 4775 rorher
1233 4714 1383 4796 gemachte
1406 4711 1564 4795 erlolglose
1584 4711 1677 4795 Klage
1698 4731 1794 4796 gegen
1816 4711 1864 4772 die
1879 4711 1943 4773 Ge-

367 4812 497 4888 sandten‚
517 4804 578 4897 mpl
599 4805 844 4898 παραπρεσβείας,
865 4812 954 4876 daher
976 4815 1022 4875 die
1042 4814 1126 4875 tribe
1148 4815 1206 4875 und
1227 4813 1469 4877 melancholische
1484 4812 1648 4896 Stimmung
1663 4811 1757 4874 seines
1773 4810 1944 4888 Gemlithes,

369 4914 416 4977 dic
437 4912 500 4976 sich
520 4911 585 4974 hier
604 4913 663 4974 wie
685 4912 837 4976 anderawo
859 4914 997 4997 nirgends
1017 4936 1051 4977 so
1072 4914 1200 4978 deutlich
1221 4914 1389 4997 amspricht
1411 4913 1464 4976 cir.
1480 4937 1509 4973 τ.
1523 4937 1649 5000 rapere.
1663 4935 1693 4995 p.
1700 4911 1791 4975 4282*
