4636 5940
1072 361 1098 450 7

295 558 452 635 ditorem
478 555 589 632 fuisse
608 553 778 631 Isocratis
799 568 837 629 et
855 549 1033 643 Platonis,
1062 550 1287 654 Apollonius
1307 557 1435 657 utique
1455 571 1564 658 negat
1583 553 1734 651 addens,
1764 557 1876 637 aliun

293 687 403 761 fuisse
426 683 648 761 Aeschinem
671 679 913 772 Eleusinium,
942 667 976 757 ‘ds
999 674 1054 753 uui
1075 672 1198 773 τέχνας
1220 673 1355 771 λέγεται
1373 676 1544 790 ῥητορικὰς
1562 677 1766 794 γεγραφέναι
1787 684 1873 782 (cfr.
1975 712 1978 716 ·

293 790 527 907 Eudociam).
568 806 745 882 Philostr.
766 810 830 883 vit.
846 805 983 883 Aesch.
1003 805 1096 881 HL:
1120 800 1300 914 ’Aequoris
1326 800 1358 883 ἃ
1383 800 1557 888 Πλάτωνός
1583 838 1621 883 τε
1647 806 1702 883 καὶ
1721 803 1873 919 'loregei-

293 968 369 1016 τους
390 928 558 1029 γενὸμενος
580 928 693 1008 πολλὰ
719 929 774 1007 καὶ
798 927 891 1042 παρὰ
914 933 972 1020 τῆς
997 933 1111 1007 ἑαυτοῦ
1138 924 1270 1031 φύσεως
1294 925 1451 1024 ἠγάγετο.
1487 935 1584 1028 Hoc,
1614 953 1651 1013 et
1671 935 1773 1040 quod
1793 939 1873 1017 Iso·

189 1126 194 1132 .
293 1069 399 1143 cratis
420 1062 553 1138 dicitur
571 1059 717 1137 auditor
738 1059 850 1136 fuisse
870 1058 948 1158 (Pa.
964 1057 1085 1159 Plut.)
1107 1076 1145 1138 et
1166 1064 1274 1137 etiam
1295 1057 1511 1137 Antalcidae
1533 1060 1660 1160 (Phot.
1682 1062 1871 1164 ondit),
1930 1098 1939 1105 ·

294 1189 457 1271 Caecilio
478 1205 628 1267 auctore
647 1185 907 1264 Leodamantis
928 1184 1006 1284 (Ps.
1018 1184 1119 1262 Plut.
1136 1204 1173 1263 et
1185 1185 1297 1267 Phot.
1314 1185 1398 1265 cod.
1414 1190 1523 1288 264.)
1545 1205 1666 1268 ortum
1688 1215 1765 1265 esse
1783 1189 1874 1265 mihi

275 1316 437 1394 ‘ridetur
458 1341 504 1393 ex
530 1312 652 1393 studio
674 1317 921 1417 posteriorum
943 1312 1134 1390 rhetorum
1154 1338 1361 1391 sermonem
1382 1318 1561 1418 cuiusque
1582 1319 1770 1418 scriptoris
1791 1342 1875 1392 cum

291 1443 449 1520 aliorum
481 1439 736 1545 comparandi,
770 1457 814 1516 ut
846 1439 1041 1533 docerent,
1076 1468 1121 1517 ex
1153 1441 1358 1519 clarissimis
1391 1440 1667 1545 disciplinarum
1697 1445 1875 1544 magistris

164 1566 169 1576 ’
292 1574 395 1648 cuius
414 1572 563 1671 uestigia
583 1571 623 1645 iu
643 1591 774 1670 genere
795 1566 980 1644 scribendi
1002 1572 1158 1672 quisque
1177 1584 1323 1645 secutus
1342 1585 1449 1645 esset.
1478 1567 1612 1672 Neque
1632 1572 1774 1672 uspiam
1795 1573 1874 1672 ipse

291 1697 490 1773 Aeschines
524 1693 571 1770 de
604 1697 905 1798 praeceptoribus
935 1695 1121 1797 loquitur,
1163 1699 1327 1800 quamvis
1360 1699 1505 1798 quoties
1538 1693 1745 1770 doctrinam
1771 1721 1873 1772 suam

290 1822 477 1928 praedicat
506 1838 616 1925 atque
645 1834 803 1897 ostentat
830 1820 914 1916 (¹⁵),
952 1820 1055 1895 locus
1087 1819 1191 1895 datus
1222 1825 1267 1895 sit
1298 1820 1367 1895 hos
1394 1820 1645 1924 nuncupandi.
1688 1823 1873 1924 Angustiis

291 1955 401 2054 igitur
424 1951 519 2024 vitae
545 1973 567 2023 e
591 1951 717 2051 pueris
743 1950 896 2023 excessit
927 1972 995 2022 suo
1025 1949 1256 2050 potissimum
1283 1945 1408 2025 studio
1439 1946 1621 2041 eruditus,
1661 1963 1698 2023 et
1723 1973 1743 2020 a
1769 1963 1873 2049 patre

290 2082 501 2169 instructus,
535 2077 600 2178 qui
631 2077 755 2151 omnia
786 2074 1011 2177 reipublicae
1041 2073 1137 2150 mala
1169 2091 1340 2178 expertus
1370 2092 1408 2151 et
1438 2074 1573 2152 horum
1603 2079 1743 2178 peritus
1774 2071 1874 2151 idem

288 2203 373 2307 plus
398 2218 500 2279 certo
522 2198 668 2278 tradere
689 2199 769 2278 filio
793 2205 957 2302 potuerit
976 2201 1181 2278 litterarum
1200 2205 1328 2305 primis
1351 2201 1561 2296 elementis,
1588 2219 1699 2305 atque
1721 2228 1765 2276 ex
1785 2203 1875 2305 ipsis

289 2328 481 2405 Aeschinis
513 2327 741 2402 orationibus
773 2330 858 2400 satis
888 2326 1137 2429 intelligimus,
1174 2353 1259 2404 eum
1286 2328 1490 2403 Homerum
1518 2356 1623 2402 suurn
1649 2326 1870 2401 Hesiodum-

291 2478 364 2556 que
389 2455 486 2529 bene
512 2454 689 2537 memoria
714 2455 874 2528 tenuisse
899 2453 985 2552 (¹⁶).

1032 2655 1123 2757 §.s

428 2812 638 2915 Antequam
672 2831 827 2882 numero
864 2810 998 2883 civium
1031 2804 1234 2910 adscriptus
1268 2823 1364 2897 erat,
1383 2782 1387 2791 ⁵
1405 2803 1442 2879 id
1478 2804 1581 2909 quod
1616 2803 1697 2879 fieri
1729 2804 1873 2882 solebat

289 2934 625 3038 duodevigesimum
658 2960 794 3009 annum
828 2937 978 3036 egressis
1010 2936 1096 3034 (¹⁷),
1133 2936 1249 3009 tertiis
1282 2932 1492 3008 fabularum
1526 2932 1692 3035 partibus
1725 2930 1873 3034 agendis

288 3068 426 3140 victum
454 3064 527 3138 sibi
557 3063 710 3165 paravit.
759 3057 906 3160 Sequor
937 3062 1034 3132 enim
1067 3062 1263 3161 scriptores
1288 3061 1402 3148 vitae,
1438 3061 1502 3157 qui
1529 3054 1576 3129 ad
1602 3084 1717 3130 unum
1744 3082 1873 3133 omnes

288 3194 391 3295 prius
417 3189 633 3260 histrionem
660 3182 770 3254 fuisse
796 3178 1018 3252 Aeschinem
1050 3205 1160 3280 quam
1188 3182 1343 3253 scribam
1371 3177 1539 3265 tradunt,
1576 3197 1614 3256 et
1640 3180 1742 3283 quod
1768 3182 1871 3258 Ano·

288 3338 419 3417 nymus
450 3309 514 3385 ille
541 3303 648 3379 dicit:
682 3294 850 3393 γενὸμενον
876 3296 919 3375 dd-
933 3294 1094 3412 μειράκιον
1119 3301 1338 3415 inexpeditus
1364 3298 1546 3414 spassandus
1574 3296 1653 3384 iim
1679 3335 1869 3417 τριταγωνι·

290 3438 399 3526 στεῖν;
433 3456 517 3506 nam
548 3456 633 3507 cum
663 3420 828 3536 μειράκιον
854 3426 995 3519 dicatur
1020 3426 1107 3528 ἀμφὶ
1131 3424 1176 3505 ad
1200 3424 1342 3541 cicrops
1368 3427 1423 3505 sul
1447 3424 1527 3506 δέκα
1551 3421 1606 3520 ἔτη
1633 3426 1755 3528 σχεδόν
1782 3438 1868 3537 (¹⁸),

245 3568 249 3575 '
290 3577 326 3635 et
351 3555 553 3632 Aeschines
579 3555 724 3631 'civibus
756 3552 959 3659 adscriptus
990 3559 1086 3632 inter
1117 3557 1309 3662 peripolos
1338 3584 1407 3662 per
1438 3557 1532 3634 duos
1563 3587 1678 3637 annos
1705 3563 1871 3639 militiam

288 3688 494 3788 auspicatus
518 3685 565 3758 sit
589 3683 680 3780 (¹⁹);
709 3706 796 3784 ergo
822 3681 976 3785 posthac
1001 3675 1163 3793 μειράκιον
1188 3684 1294 3759 nullo
1317 3684 1431 3761 modo
1451 3690 1575 3762 vocari
1595 3705 1739 3792 posset:
1769 3693 1870 3766 iustis

288 3816 405 3889 causis
434 3826 560 3885 nostra
594 3805 826 3884 contendisse
855 3805 1035 3884 videmur.
1085 3807 1320 3921 Quamquam
1352 3811 1623 3889 Demosthenes
1649 3814 1870 3891 Aeschinem

289 3941 478 4036 (nimirum
504 3935 623 4011 multo
649 3938 779 4011 maiori
800 3931 888 4010 odio
910 3938 1057 4036 eierat)
1084 3961 1233 4014 escena
1256 3935 1358 4013 illico
1379 3941 1418 4014 in
1437 3956 1555 4017 rostra
1574 3940 1784 4045 profectum
1804 3928 1895 4017 de·‘

287 4068 406 4168 pinxit
432 4067 516 4161 (²⁰).
557 4061 699 4137 Malum
725 4060 940 4137 histrionem
964 4062 1075 4140 fuisse
1099 4064 1335 4158 Aeschinem,
1364 4065 1636 4143 Demosthenes
1660 4069 1780 4146 ubivis
1807 4094 1867 4145 ex·

329 4259 387 4342 (¹⁶)
418 4261 481 4322 adv.
494 4258 641 4321 Timarch.
653 4259 733 4342 p.19.
741 4259 791 4321 40.
807 4257 947 4324 (Ietemm
962 4262 1000 4324 ci.
1011 4262 1125 4325 Ruhnk.
1137 4264 1203 4327 hist.
1215 4286 1257 4326 cr.
1269 4287 1298 4347 p.
1306 4263 1355 4327 63.
1370 4265 1535 4328 Westerm.
1548 4264 1866 4337 herrisienses.

330 4374 387 4458 (¹⁶)
418 4378 481 4438 adv.
503 4378 580 4440 Tim.
602 4378 723 4461 p.21.1;
744 4378 884 4461 p.20.15;
905 4380 968 4441 adv.
991 4378 1122 4467 Ctesiph.
1144 4382 1228 4457 73.1;
1250 4383 1356 4445 864⁰.
1863 4448 1867 4455 .

329 4494 386 4578 (¹⁷)
417 4494 521 4557 Pollux
539 4495 698 4559 vmnos.
719 4497 846 4581 Lycurg.
868 4498 899 4559 in
919 4498 1026 4562 Leocr.
1048 4496 1128 4584 518.
1151 4500 1188 4562 ci.
1209 4501 1327 4564 Boeckh
1349 4502 1386 4564 de
1408 4502 1532 4587 ephebia
1553 4501 1803 4566 indaest1819.

273 4659 276 4668 ,
330 4612 387 4695 (¹⁸)
418 4612 495 4676 Vide
515 4613 644 4678 Lobeck.
664 4615 773 4700 Phryn.
796 4617 892 4703 eclog.
913 4619 1021 4702 9213,

330 4731 388 4813 (¹⁹)
418 4731 524 4794 Aesch.
545 4725 607 4818 aspi
627 4728 733 4820 πρισβ.
755 4736 898 4818 p.50.33.

331 4847 388 4931 (²⁰)
419 4842 942 4936 Dem.arapis·rarp0p.314el316·
967 4856 1127 4935 Pastorum,
1154 4869 1186 4922 ttt
1212 4860 1332 4924 omnino
1358 4857 1448 4924 lemae
1469 4857 1620 4924 Aeschinis
1641 4859 1672 4922 in
1693 4859 1780 4926 rebus
1800 4860 1862 4943 pti·
