4636 5940
1064 420 1120 511 13

304 623 368 698 illa
399 619 553 695 ecclesia
586 618 652 714 (19
673 612 879 717 Elapheb.)
912 615 1086 688 sancitam
1115 611 1276 715 legatum
1303 611 1569 719 Cersobleptae
1601 640 1639 691 se
1665 619 1881 720 praebebat,

304 746 522 824 Critobulus
538 743 823 845 Lampsacenus,
852 739 1002 816 studens
1027 755 1069 817 ut
1089 765 1163 815 uua
1181 766 1265 815 cum
1281 744 1390 816 sociis
1410 741 1660 818 iusiurandum
1674 744 1825 840 faceret,
1853 750 1884 824 is

304 899 382 950 non
406 872 582 948 admissus
607 884 661 944 est
674 871 780 968 (¹⁶³);
814 871 994 971 suspicor,
1024 864 1128 970 quod
1154 891 1231 942 non
1257 884 1468 944 numeratus
1495 885 1549 945 est
1574 874 1671 947 inter
1696 897 1884 949 consesso-

303 999 362 1077 re's
388 1004 573 1076 sociorum
597 995 878 1072 Atheniensium
904 987 1119 1101 (συνέδρους),
1156 997 1220 1096 qui
1253 996 1323 1097 ipsi
1350 1010 1391 1070 ut
1415 994 1489 1071 hoc
1515 993 1649 1074 eodem
1674 996 1735 1075 die
1761 1026 1886 1077 coram

304 1126 470 1230 Philippi
494 1126 623 1228 legatis
648 1148 778 1226 pacem
804 1127 979 1214 iurarent,
1013 1146 1082 1224 per
1106 1117 1355 1198 Philocratem
1382 1122 1526 1200 occulte
1553 1127 1591 1199 in
1619 1122 1769 1202 decreto
1795 1152 1885 1203 con·

304 1257 470 1330 stitutum
494 1268 585 1329 erat.
601 1251 693 1348 (161)
744 1248 916 1352 Namque
942 1247 1137 1324 discrimen
1163 1265 1219 1324 est
1244 1252 1341 1323 inter
1365 1250 1505 1351 legatos
1525 1253 1712 1326 sociorum
1732 1270 1770 1327 et
1791 1256 1887 1329 inter

304 1404 555 1457 consessores:
584 1377 624 1452 hi
651 1379 749 1452 enim
775 1401 821 1451 ex
845 1380 907 1468 iis,
938 1393 1137 1479 quactum
1163 1377 1413 1478 sequebantur
1435 1375 1680 1453 Athenienses
1706 1379 1887 1482 obsequio

304 1512 476 1598 sociatae,
506 1505 711 1581 civitatibus
735 1506 914 1579 continuo
939 1503 1094 1578 Athenis
1120 1518 1305 1608 morantes
1319 1505 1408 1600 (¹⁶⁵)
1436 1529 1540 1579 more
1559 1520 1770 1580 nostrorum
1789 1505 1886 1610 lega·

303 1653 427 1711 torum
449 1629 653 1730 (Gesandte
670 1657 709 1706 u.
725 1629 1069 1732 Bevollmtichtigte)
1089 1631 1200 1705 rebus
1225 1646 1263 1705 et
1285 1633 1420 1707 civitati
1441 1655 1527 1705 suae
1549 1634 1705 1733 quisque
1726 1633 1886 1734 propriis

300 1757 552 1864 'providebant
576 1774 614 1834 et
639 1783 712 1833 una
739 1783 823 1833 cum
848 1755 1129 1833 Atheniensium
1148 1756 1292 1860 populo
1313 1756 1570 1850 consulebantt
1598 1757 1657 1832 illi
1672 1783 1796 1833 rerum
1813 1761 1886 1833 sin·

265 1984 271 1995 Ι
305 1886 482 1989 gularium
510 1883 731 1988 agendarum
757 1909 864 1959 causa
890 1883 1142 1959 mittebantur.
1194 1882 1397 1960 Decretum
1425 1881 1531 1976 illud,
1561 1900 1603 1960 ut
1629 1909 1701 1960 una
1727 1887 1888 1961 iurarent

304 2017 408 2106 socii,
437 2012 484 2088 de
510 2013 567 2087 his
591 2011 819 2103 factumest,
848 2013 913 2113 qui
932 2009 1220 2086 Atheniensibus
1241 2013 1395 2086 obnoxii
1418 2027 1551 2103 essent,
1581 2015 1675 2088 sicut
1695 2009 1883 2103 Tenedus,

304 2139 469 2232 Imbrus,
506 2138 641 2243 Scyrus
669 2136 809 2213 insulae
842 2136 989 2239 aliaque
1014 2134 1173 2241 oppida,
1206 2165 1284 2213 non
1312 2136 1358 2214 de
1384 2140 1446 2230 iis,
1482 2141 1548 2240 qui
1571 2138 1711 2242 vulgari
1737 2141 1888 2214 nomine

305 2268 531 2342 vocabantur
562 2265 673 2355 socii,
706 2280 749 2337 ut
777 2259 1008 2354 Phocenses,
1043 2267 1205 2339 civitates
1238 2264 1382 2366 aliquot
1412 2267 1451 2336 in
1478 2263 1635 2339 Thracia
1662 2269 1772 2355 sitae,
1808 2269 1889 2368 ipse

307 2390 591 2492 Cersohleptes,
626 2388 701 2463 alii.
723 2390 814 2486 (¹⁶⁶)
867 2385 994 2482 Quare
1024 2386 1160 2463 factum
1192 2404 1265 2479 cst,
1306 2404 1348 2463 ut
1379 2414 1423 2463 cx
1455 2392 1564 2463 sociis
1595 2387 1652 2463 his
1681 2389 1887 2490 Aglaocreo

348 2667 418 2747 (¹⁶³)
450 2667 575 2730 Goeller
596 2668 614 2727 l.
627 2668 646 2727 l.
668 2690 697 2748 p.
705 2667 733 2727 8:
760 2666 904 2742 „Nullum
931 2666 992 2726 eius
1013 2663 1179 2746 (Cersohl.)
1206 2666 1348 2749 legatum,
1374 2686 1461 2746 quern
1483 2687 1548 2727 cum
1569 2679 1712 2749 potestate
1732 2667 1852 2748 quidem
1872 2688 1890 2729 ε

305 2769 408 2852 regulo
429 2788 482 2830 suo
503 2767 620 2829 misuun
641 2787 703 2829 esse
724 2766 848 2848 populus
869 2777 994 2848 putaret,
1014 2765 1137 2828 adfuisse
1159 2764 1311 2848 probabile
1325 2777 1383 2836 est;
1404 2787 1574 2847 quamquam
1589 2765 1773 2829 Critobulum
1787 2768 1888 2831 neseio

306 2890 392 2951 quern
411 2869 638 2951 Lampsacenum
658 2867 829 2945 surrexisse,
856 2879 887 2929 et
905 2887 1008 2949 pacem
1028 2866 1146 2929 nomine
1168 2863 1386 2949 Cersohleptis,
1411 2867 1519 2948 quippe
1541 2866 1577 2928 ab
1599 2867 1651 2930 illo
1674 2889 1740 2930 cum
1760 2868 1888 2931 auctori·

306 2983 363 3031 tate
389 2969 522 3045 missurn,
548 2968 664 3031 firmare
690 2966 832 3045 voluisse,
860 2978 891 3028 et
913 2979 946 3028 nt
972 2968 1104 3052 regulum
1131 2967 1162 3027 in
1187 2968 1357 3029 societatem
1382 2988 1528 3028 armorum
1550 2969 1733 3049 reciperent,
1760 2967 1889 3050 petiisse,

307 3080 403 3131 narrat
423 3068 612 3132 Aeschines.’‘
654 3067 808 3144 Quadrsre
834 3066 951 3128 ridetur
976 3067 1023 3141 id,
1044 3066 1124 3146 quod
1146 3066 1182 3127 de
1205 3065 1399 3147 Cersohlepte
1420 3086 1436 3126 a
1456 3067 1535 3147 pacis
1558 3067 1764 3129 communione
1785 3066 1887 3148 prohi-

306 3170 367 3232 bito
388 3169 476 3231 tradit
496 3182 598 3231 auctor
619 3166 759 3248 epistolae
779 3164 909 3245 Philippi
930 3165 960 3224 iu
982 3175 1055 3225 orat.
1077 3164 1115 3225 de
1137 3163 1189 3225 her
1210 3165 1317 3245 ptos.
1332 3165 1381 3225 tin.

348 3284 419 3363 (161)
450 3285 498 3346 De
519 3284 563 3346 his
585 3280 718 3347 omuibus
739 3301 809 3363 prae
829 3280 892 3343 aliis
913 3278 1009 3342 videas
1029 3279 1204 3342 Aeschinem
1224 3305 1257 3341 π.
1277 3274 1384 3367 ΨΒ·
1406 3302 1435 3363 1)·
1443 3280 1542 3344 31138
1556 3303 1619 3364 11111·
1634 3303 1720 3368 111118·

349 3399 420 3482 (¹⁶⁵)
451 3402 542 3464 Diod.
562 3400 683 3463 XV.28:
709 3394 799 3461 κοινδν
826 3391 965 3485 συνήδριον
992 3389 1126 3458 ἀπάντων
1153 3402 1208 3458 τοῖν
1235 3391 1400 3480 σνμμεὶχιον
1422 3393 1640 3472 συνεστήσαντο,
1666 3394 1715 3462 καὶ
1738 3395 1890 3490 συνήδρευε

307 3495 463 3586 ἀπέδειξαν
483 3494 605 3574 ἑκάστης
625 3495 742 3564 cissos.
763 3491 885 3580 ἐτάχθη
907 3495 937 3560 δ’
958 3494 1016 3559 siud
1036 3502 1087 3571 τῆς
1106 3503 1199 3573 κοινῆς
1219 3496 1332 3580 γνώμης
1351 3496 1383 3560 ri
1403 3490 1452 3571 uir
1474 3494 1612 3587 συνέδριον
1626 3501 1654 3561 ἓν
1667 3505 1730 3566 ταῖς
1748 3497 1890 3576 Ἀθήναις

308 3595 482 3689 συνεδρεύειν
501 3628 529 3661 κ.
540 3625 564 3662 τ.
576 3612 604 3662 λ.

349 3717 420 3801 (¹⁶⁶)
452 3721 537 3785 Patet
556 3720 613 3783 hoc
633 3742 667 3783 ex
687 3719 793 3782 Aesch.
814 3709 875 3805 περὶ
896 3711 1003 3805 specil·
1023 3717 1212 3802 past-32.
1235 3720 1303 3781 coll.
1325 3741 1390 3784 cum
1410 3731 1483 3781 orat
1496 3720 1528 3781 in
1544 3716 1674 3802 Ctesiplu
1696 3719 1887 3803 pets-20.

308 3822 435 3885 Attende
455 3821 611 3904 praecipue
632 3818 720 3883 verba
740 3819 834 3902 qualia
854 3822 1109 3906 συναναγραφῆναι
1130 3811 1350 3906 Κερσοβλὲπτην
1371 3820 1399 3880 ἒν
1420 3823 1477 3882 τοῖς
1496 3811 1635 3906 ὖμετὲροις
1656 3816 1835 3902 συμμάχοις,
1848 3854 1889 3870 -

308 3918 465 3982 ἀποδοῦναι
485 3916 551 3985 τούς
571 3916 668 4007 ἕρκους
688 3915 817 3999 Φιλίππῳ
837 3915 910 3989 μετὰ
930 3922 984 3979 τοῖν
1005 3911 1102 3980 ἄλλων
1116 3912 1282 4000 συμμάχων
1295 3917 1343 3980 adv
1353 3915 1458 3994 ήκοντα
1473 3917 1550 4006 παρὰ
1565 3914 1786 4007 Κερσοβλήπτου
1803 3922 1889 4003 (ibid.

309 4022 467 4105 p.39.13),
489 4053 529 4067 -
549 4018 677 4084 ἀναστὰς
697 4021 729 4080 ἐκ
748 4024 803 4080 τοῖν
824 4012 959 4106 προέδρων
980 4011 1166 4092 Δηαοσὲἷνης
1186 4018 1238 4080 οὐκ
1259 4014 1313 4099 ἔφη
1334 4017 1365 4080 τὲ
1387 4011 1533 4097 ψήφισμα
1554 4013 1734 4100 ἐπιψηφιεῖν,
1755 4014 1821 4085 odii
1837 4015 1890 4083 λυ’-

309 4147 367 4183 σειν
387 4119 437 4195 τήν
457 4117 526 4208 πρός
545 4113 683 4181 Φῖλιππον
704 4112 817 4206 εἰρήνην,
842 4110 906 4180 οὐδὲ
927 4112 1077 4199 γινώσκειν
1104 4123 1159 4179 τῶν
1184 4114 1349 4201 συμμάχων
1376 4118 1426 4202 [el.
1453 4119 1644 4202 συμμαχιῶν]
1670 4117 1737 4186 rotie
1762 4137 1890 4203 συνεφα·
1936 4197 1938 4201 f

311 4216 476 4292 πτομένους,
503 4216 590 4308 ὥςπερ
617 4221 645 4281 ἓν
670 4224 729 4284 τοῖς
754 4213 905 4282 σπὲνδουσι
930 4223 986 4281 τεῒν
1010 4222 1102 4307 ἱερνῖν·
1128 4217 1310 4293 ἀποδοθῆναι
1331 4214 1388 4306 γὰρ
1416 4212 1477 4307 περὶ
1503 4215 1608 4282 τούτων
1628 4215 1720 4308 ἱτέραν
1741 4217 1890 4295 ἐκκλησίαν

310 4321 482 4403 (peste).
522 4321 694 4385 Rectissime
721 4321 764 4382 ad‘
783 4321 811 4381 h.
823 4322 843 4383 1.
870 4322 980 4384 notarit
1005 4322 1044 4383 11
1059 4322 1204 4385 Wolfius:
1232 4321 1377 4398 „Videtur
1402 4319 1651 4406 importunitatem
1679 4320 1889 4404 Cersohleptae

311 4420 525 4504 perstringere,
549 4423 598 4504 qni
623 4421 720 4486 subito
746 4443 777 4484 se
798 4421 971 4486 Atheniensi
991 4423 1105 4485 ioederi
1127 4423 1298 4485 immisceat:
1329 4420 1359 4482 id
1381 4423 1461 4504 quod
1482 4422 1632 4504 Philippus
1654 4442 1713 4483 non
1734 4422 1773 4482 sit
1794 4441 1888 4503 aequo

311 4523 407 4584 animo
430 4522 551 4597 laturus,
578 4524 624 4584 cui
645 4524 683 4585 sit
703 4523 856 4606 peculiaris
877 4544 941 4585 cum
963 4522 1158 4604 Cersohlepte
1178 4523 1262 4584 ratio.
1303 4521 1392 4584 Libet
1414 4524 1535 4605 quisque
1556 4542 1612 4604 pro
1632 4542 1678 4582 se:
1707 4522 1830 4583 aliorum
1851 4523 1888 4584 li-

311 4621 473 4684 hatiorrihns
495 4621 656 4685 immiscere
676 4643 707 4686 se
728 4625 817 4700 ultro,
839 4644 939 4706 perum
961 4624 1067 4686 decere
1088 4622 1232 4685 ridetur.”
1254 4654 1295 4669 -
1322 4623 1434 4686 Porro:
1455 4616 1575 4682 καλείτω
1597 4613 1627 4680 δέ
1648 4644 1693 4691 μοι
1714 4617 1781 4686 τούς
1801 4644 1888 4709 στρα-

312 4719 417 4800 reqvie
438 4722 451 4783 ὃ
472 4717 564 4808 κῆρυξ
584 4714 631 4783 nai
651 4718 717 4788 rotie
739 4718 888 4810 wuidpovt
907 4728 962 4784 suiv
983 4716 1148 4802 συμμάχων
1170 4766 1199 4783 ..
1219 4722 1394 4805 (p.39.31.)
1419 4723 1502 4784 aliem
1530 4721 1646 4804 quidem
1667 4742 1729 4784 rem
1750 4720 1888 4785 Aeschini

312 4823 542 4900 confirmaturos,
561 4835 658 4885 umen
676 4823 709 4886 in
731 4824 832 4888 eadem
851 4837 884 4887 nt
903 4824 1018 4888 videtur
1038 4843 1129 4888 etun.
1150 4854 1191 4871 -
1212 4819 1367 4885 ἀποδοῦναι
1388 4819 1455 4888 τους
1475 4816 1573 4910 ὅρκους
1592 4827 1650 4889 τοῖς
1669 4814 1811 4910 πρῦοβεσι
1830 4827 1888 4889 τοῖς

312 4921 390 5010 παρὰ
415 4917 552 4984 Φιλίππου
581 4923 610 4983 ἔν
634 4919 701 5003 τῇδε
727 4947 760 5003 τη
788 4917 876 5009 ήμὲρᾳ
900 4921 967 4988 τούς
992 4918 1140 5012 συνῦδρους
1169 4927 1224 4985 τοῖν
1245 4916 1418 5003 συμμάχων.
1443 4920 1523 5012 παρὰ
1543 4914 1575 4986 δή
1594 4927 1647 4987 τοῦ
1665 4915 1886 5012 Κερσοβλήπτευ
