4636 5940
1128 390 1185 481 79
2150 444 2158 461 ·

2087 502 2277 603 ’,ι

365 607 458 667 sent.
505 584 603 664 Cum
634 582 768 662 deinde
800 583 997 687 pylagorae
1023 581 1266 665 Athenienses
1294 583 1446 663 domum
1459 592 1623 705 ιιςιςιιι
1648 587 1723 664 hoc
1746 589 1885 694 plano
1909 606 1949 671 st
2071 599 2077 605 '
2152 647 2158 657 ·
2273 596 2276 603 '

365 719 506 790 senatui
533 730 570 789 et
593 715 764 788 concioni
789 709 921 814 populi
945 709 1082 786 tradito
1108 713 1230 817 primo
1258 711 1409 814 quidem
1433 716 1582 818 probati
1602 733 1736 810 essent,
1765 743 1852 792 mox
1869 717 1946 795 De·
2149 724 2155 735 “

365 842 574 921 mosthenes
599 840 788 916 decretum
812 838 910 931 tulit,
941 837 1043 941 quod
1064 839 1328 942 populiscitum
1349 839 1486 915 sactum
1512 858 1587 918 ιιι·
1617 846 1671 919 uti
1689 841 1946 945 hieromnem
2038 826 2089 901 Ψ

365 934 707 1045 Atheniensiuriler
729 964 927 1070 pylagcras
953 970 1023 1041 nisi
1048 982 1217 1070 tempore
1243 992 1263 1040 a
1284 969 1485 1042 maioribus
1507 974 1706 1071 consutum
1727 966 1835 1077 Pylas
1854 968 1963 1057 Del-s,

365 1096 507 1200 phosve
535 1121 583 1170 ne
610 1093 944 1198 proficiscerentur,
978 1095 1079 1195 iique
1103 1097 1158 1167 uti
1184 1119 1232 1168 ne
1258 1097 1519 1198 participarent
1544 1123 1628 1172 cum
1654 1097 1816 1174 consiliis
1840 1101 1945 1173 actis·

233 1322 237 1330 Ι
366 1249 439 1345 que
464 1222 571 1297 huius
598 1226 662 1324 qui
689 1237 788 1294 extra
816 1218 982 1294 ordinem
1009 1237 1219 1322 cogeretur
1216 1236 1369 1295 senatus
1387 1219 1715 1326 Amphictyonum.
1745 1223 1826 1301 Nec
1846 1194 1966 1301 Ths'd
2009 1278 2034 1333 .-

322 1382 325 1387 ·
363 1338 450 1425 bani
477 1350 535 1424 his
560 1352 772 1457 intererant,
802 1364 998 1450 propterea
1024 1346 1184 1421 fortasse
1193 1345 1299 1450 quod
1326 1346 1610 1451 intelligebant,
1622 1374 1660 1424 se
1682 1302 1946 1428 admirandos
1972 1326 2012 1347 '⁸

364 1482 500 1552 amicos
531 1503 608 1551 non
638 1478 724 1550 satis
752 1473 909 1549 firmos
911 1499 1002 1549 esse.
1051 1471 1249 1576 Expeditio
1281 1477 1379 1557 enim
1405 1476 1524 1548 ibim
1549 1474 1693 1613 boscos
1719 1464 1941 1569 decernitur,
2042 1527 2045 1531 —

365 1602 573 1709 Cottyphus
601 1601 675 1675 dux
700 1617 862 1675 creatur
896 1600 1093 1675 mediocris
1117 1627 1240 1703 poena
1265 1600 1396 1731 Leptis
1422 1570 1669 1678 constituitur.
1712 1599 1834 1696 Quam
1862 1629 1947 1676 cum
2107 1634 2120 1645 -

365 1758 441 1806 ιιοιι
460 1729 658 1820 solverent,
686 1753 809 1830 neque
831 1731 983 1801 omnino
1006 1725 1190 1829 expeditio
1212 1714 1314 1802 bens
1300 1692 1559 1831 ιῙιιοοιιιιιιι,
1589 1733 1760 1831 proximo
1779 1729 1945 1830 legitimo

364 1853 678 1963 Amphictyonum
706 1853 807 1959 Pylis
840 1852 999 1929 concilio
1031 1834 1245 1947 (auctumno
1278 1857 1362 1928 anni
1395 1854 1673 1959 Lysimachidee
1705 1853 1769 1931 Ol.
1797 1858 1880 1929 110.
1905 1857 1943 1929 ι.

365 2015 397 2061 a.
414 1986 505 2085 339)
534 1980 731 2086 Philippus
763 1980 837 2056 dux
869 1996 1025 2071 creatur,
1060 1983 1236 2082 quoniam
1268 1980 1371 2055 bello
1396 1980 1579 2057 Phocensi
1610 1980 1717 2057 linito
1743 1985 1947 2084 piissimum

364 2137 447 2215 erga
465 2109 555 2187 deos
573 2135 611 2186 se
629 2110 863 2213 probaverat.
899 2105 1094 2209 Philippus
1120 2094 1235 2183 modo
1259 2133 1443 2210 regressus
1463 2134 1483 2183 e
1503 2107 1672 2214 Scythica
1694 2106 1944 2212 expeditione,

364 2265 475 2342 quam
496 2240 623 2340 primis
642 2237 759 2311 tribus
779 2231 1057 2339 Lysimachidae
1077 2237 1165 2308 anni
1185 2237 1372 2309 mensibus
1393 2235 1612 2336 perfecerat,
1638 2239 1752 2326 venit,
1780 2235 1947 2309 Elateam

363 2368 533 2462 (exeunte
559 2389 593 2437 a.
611 2363 698 2436 339.
735 2359 820 2436 ride
847 2360 1031 2466 Droysen.
1060 2362 1160 2463 pst
1179 2364 1255 2463 sq.)
1290 2363 1511 2449 communit,
1549 2357 1651 2461 quod
1687 2358 1867 2462 oppidum
1901 2384 1946 2433 ex

364 2490 553 2566 Thessalia
579 2485 773 2564 decedenti
799 2485 916 2562 aditus
944 2490 1061 2591 aperit
1087 2489 1126 2560 in
1141 2484 1345 2561 Phocidem
1372 2501 1409 2560 et
1426 2483 1620 2560 Boeotiam
1636 2486 1737 2585 (²⁷¹),
1768 2483 1945 2588 quodque

364 2635 404 2692 ut
436 2620 598 2690 muniret
626 2631 713 2717 post
744 2639 874 2716 pacem
900 2612 1168 2687 Philocratesm
1202 2611 1333 2687 factam
1365 2612 1412 2685 eb
1438 2610 1724 2686 Atheniensibus
1749 2610 1859 2686 valde
1884 2636 1945 2687 ex·

364 2758 531 2847 optatum
562 2757 641 2815 erat
661 2741 762 2839 (²⁷²).
804 2739 864 2814 Ibi
893 2764 982 2814 vero
1009 2737 1290 2814 Atheniensium
1320 2740 1467 2812 irritatis
1493 2739 1636 2830 animis,
1666 2764 1750 2812 cum
1775 2737 1946 2813 Thebani

220 2910 224 2915 ·
363 2888 451 2946 tunc
478 2893 555 2943 non
572 2870 643 2941 iam
661 2868 772 2942 rebus
789 2864 956 2969 Philippi
981 2863 1109 2957 dediti,
1140 2869 1218 2968 qui,
1247 2880 1331 2940 ante
1349 2867 1495 2939 tertiam
1512 2862 1758 2967 Philippicam
1775 2867 1818 2938 iis
1835 2863 1945 2940 Echi·

363 3023 453 3072 num
479 2992 644 3069 demeret
669 2993 740 3090 (ΠΙ
757 2991 854 3068 Phil.
875 3020 914 3096 p.
931 2994 1001 3067 120
1019 2997 1103 3091 ιιι),
1133 3008 1170 3067 et
1193 3009 1273 3066 tum
1300 2993 1409 3064 etiam
1426 2990 1601 3065 Nicaeam
1619 2988 1804 3065 Thessalis
1828 2987 1943 3084 dedit,

362 3123 490 3197 Elatea
517 3136 695 3218 occupata
721 3121 880 3187 maximo
907 3130 1008 3186 metu
1033 3110 1192 3214 perculsi
1219 3128 1357 3187 essent:
1385 3113 1657 3190 Demosthenes
1679 3112 1717 3188 id
1737 3114 1946 3218 peroppor-

363 3264 494 3321 tunum
520 3242 650 3314 hebuit
675 3255 834 3341 tempus,
864 3263 941 3340 quo
966 3235 1254 3312 Atheniensibus
1274 3236 1536 3342 Thebanisque
1564 3236 1715 3315 loedere
1741 3245 1946 3318 coniunctis

363 3368 540 3473 Philippo
568 3367 697 3442 obsisti
722 3381 867 3469 posset;
896 3392 1010 3468 quum
1036 3368 1250 3470 praesertim
1275 3365 1389 3469 paulo
1414 3382 1457 3441 ιιι
1478 3364 1624 3443 videtur
1642 3383 1727 3442 ante
1744 3367 1835 3443 haec
1852 3386 1944 3443 tem·
2045 3384 2049 3392 '

364 3522 456 3601 pora
483 3521 630 3586 novam,
661 3490 739 3596 qus
753 3492 906 3569 classem
923 3492 1201 3569 Atheniensium
1217 3490 1325 3569 valde
1344 3496 1456 3585 anxit,
1485 3492 1604 3596 legem
1621 3493 1777 3586 tulisset,
1807 3499 1946 3570 cunctis
2008 3508 2010 3512 ‘

366 3622 538 3699 divitibus
566 3626 714 3713 civium,
744 3636 782 3695 et
807 3624 904 3697 inter
927 3617 1007 3724 hos
1022 3623 1240 3694 nominatim
1258 3620 1441 3696 Aeschine
1468 3619 1600 3694 fmstra
1627 3621 1764 3695 obnisis
1791 3622 1942 3720 (Aesch.

365 3756 403 3825 in
420 3748 523 3825 Ctes.
544 3776 583 3851 p.
594 3751 643 3822 85
658 3745 774 3847 med.)
793 3730 892 3845 (²⁷³).
922 3746 1064 3821 Tamen
1083 3773 1209 3849 magns
1226 3750 1453 3851 principatus
1469 3763 1575 3852 parte
1591 3744 1666 3822 hoc
1683 3746 1814 3822 foedus
1830 3749 1944 3824 Athe·

366 3878 551 3962 niensibus
576 3856 694 3950 stetit:
722 3899 844 3976 neque
870 3877 1004 3948 iniuste
1021 3872 1221 3949 Aeschines
1240 3878 1294 3977 (p.
1307 3875 1370 3972 71)
1392 3878 1500 3948 nimis
1518 3873 1631 3950 multa
1649 3872 1837 3949 Thebanis
1855 3901 1944 3950 eon·

365 4029 463 4080 cessa
496 4007 601 4104 queri
633 4000 791 4079 videtur.
840 4000 920 4075 Nec
951 4004 1083 4074 mimm
1116 4018 1184 4092 est,
1220 4000 1443 4076 Aeschinem
1470 4016 1506 4075 et
1533 4025 1611 4093 eos,
1631 4005 1712 4103 ·qui
1742 3999 1839 4078 idem
1863 4028 1945 4077 sen·

364 4134 522 4221 tiebant,
561 4127 805 4205 Demostheni
840 4130 970 4230 quovis
996 4125 1110 4201 modo
1138 4129 1328 4203 obsistere.
1383 4129 1530 4203 Etenim
1556 4145 1815 4231 praeterquam
1842 4128 1945 4232 quod

366 4281 510 4358 semper
535 4281 662 4358 pacem
690 4283 773 4331 cum
789 4253 967 4360 Philippo
995 4254 1163 4331 obtinere
1189 4252 1420 4348 studuerunt,
1449 4272 1528 4333 tum
1556 4258 1664 4335 etiam
1688 4258 1726 4329 in
1745 4254 1944 4331 Thebanos

340 4386 477 4493 ¹magis
507 4407 616 4482 quam
646 4409 809 4486 unquam
840 4385 921 4456 irati
953 4397 1068 4471 erant,
1104 4396 1235 4483 utpote
1263 4407 1358 4485 quos
1384 4398 1551 4457 auctores
1576 4381 1756 4459 haberent
1781 4381 1943 4456 simulta-

408 4659 868 4744 ('⁷¹)Strsb01xp.2812q.
1021 4661 1090 4744 (ιι)
1123 4663 1407 4746 comptem

336 4807 341 4823 ·
408 4777 479 4859 (⁰³)
511 4779 549 4842 cl.
570 4779 715 4862 Droysen.
734 4801 763 4862 p.
773 4780 849 4857 190,
877 4782 926 4863 ιιι
947 4783 1041 4867 ipsum
1062 4782 1234 4845 Aeschinem
1256 4783 1287 4844 in
1308 4804 1391 4846 came
1411 4773 1579 4869 παρανὸμιν
1600 4782 1629 4843 in
1650 4781 1878 4846 Demosthenem
1899 4781 1944 4843 in-

368 4882 464 4946 m
484 4892 639 4963 P⁸l¹⁰¹¹¹¹¹
660 4875 844 4968 (wimer)
865 4885 1037 4948 accentoris
1058 4884 1144 4947 icisse
1165 4884 1234 4947 vult
