<?xml version="1.0" encoding="UTF-8"?>
<!DOCTYPE html PUBLIC "-//W3C//DTD XHTML 1.0 Transitional//EN"
    "http://www.w3.org/TR/xhtml1/DTD/xhtml1-transitional.dtd">
<html xmlns="http://www.w3.org/1999/xhtml" xml:lang="en" lang="en">
 <head>
  <title>
</title>
<meta http-equiv="Content-Type" content="text/html;charset=utf-8" />
  <meta name='ocr-system' content='tesseract 3.04.00' />
  <meta name='ocr-capabilities' content='ocr_page ocr_carea ocr_par ocr_line ocrx_word'/>
</head>
<body>
  <div class='ocr_page' id='page_1' title='image "./deaeschinisorat00stecgoog_0057.png"; bbox 0 0 4636 5940; ppageno 0'>
   <div class='ocr_carea' id='block_1_1' title="bbox 720 360 1243 465">
    <p class='ocr_par' dir='ltr' id='par_1_1' title="bbox 720 360 1243 465">
     <span class='ocr_line' id='line_1_1' title="bbox 720 360 1243 465; baseline 0 0"><span class='ocrx_word' id='word_1_1' title='bbox 720 360 752 407; x_wconf 70' lang='lat'><strong>⁹</strong></span> <span class='ocrx_word' id='word_1_2' title='bbox 1038 374 1243 465; x_wconf 67' lang='lat' dir='ltr'><strong>ts«</strong></span> 
     </span>
    </p>
   </div>
   <div class='ocr_carea' id='block_1_2' title="bbox 194 563 1862 3211">
    <p class='ocr_par' dir='ltr' id='par_1_2' title="bbox 194 563 1862 3211">
     <span class='ocr_line' id='line_1_2' title="bbox 276 563 1859 679; baseline -0.004 -27"><span class='ocrx_word' id='word_1_3' title='bbox 276 593 459 679; x_wconf 84' lang='lat' dir='ltr'><strong>rogantes,</strong></span> <span class='ocrx_word' id='word_1_4' title='bbox 481 571 544 646; x_wconf 90' lang='lat' dir='ltr'><strong>alii</strong></span> <span class='ocrx_word' id='word_1_5' title='bbox 563 569 662 646; x_wconf 90' lang='lat' dir='ltr'><strong>idem</strong></span> <span class='ocrx_word' id='word_1_6' title='bbox 682 567 934 672; x_wconf 77' lang='lat' dir='ltr'><strong>deprecantes.</strong></span> <span class='ocrx_word' id='word_1_7' title='bbox 951 568 1042 665; x_wconf 72' lang='lat'>(¹²⁸)</span> <span class='ocrx_word' id='word_1_8' title='bbox 1075 563 1217 642; x_wconf 88' lang='lat' dir='ltr'><strong>Invidia</strong></span> <span class='ocrx_word' id='word_1_9' title='bbox 1237 563 1377 640; x_wconf 87' lang='lat' dir='ltr'><strong>diffidia</strong></span> <span class='ocrx_word' id='word_1_10' title='bbox 1394 570 1534 642; x_wconf 85' lang='lat' dir='ltr'><strong>incensi</strong></span> <span class='ocrx_word' id='word_1_11' title='bbox 1555 568 1664 670; x_wconf 82' lang='lat' dir='ltr'><strong>legati</strong></span> <span class='ocrx_word' id='word_1_12' title='bbox 1682 572 1859 674; x_wconf 85' lang='lat' dir='ltr'>imprimis</span> 
     </span>
     <span class='ocr_line' id='line_1_3' title="bbox 279 693 1857 796; baseline -0.004 -18"><span class='ocrx_word' id='word_1_13' title='bbox 279 701 545 778; x_wconf 82' lang='lat' dir='ltr'><strong>Thebanorum</strong></span> <span class='ocrx_word' id='word_1_14' title='bbox 571 698 694 773; x_wconf 85' lang='lat' dir='ltr'><strong>verbis</strong></span> <span class='ocrx_word' id='word_1_15' title='bbox 720 694 966 771; x_wconf 73' lang='lat' dir='ltr'><strong>Athenienses</strong></span> <span class='ocrx_word' id='word_1_16' title='bbox 989 693 1214 786; x_wconf 72' lang='lat' dir='ltr'><strong>lacerabant,</strong></span> <span class='ocrx_word' id='word_1_17' title='bbox 1242 719 1337 796; x_wconf 89' lang='lat' dir='ltr'><strong>quae</strong></span> <span class='ocrx_word' id='word_1_18' title='bbox 1363 719 1469 796; x_wconf 77' lang='lat' dir='ltr'><strong>aegre</strong></span> <span class='ocrx_word' id='word_1_19' title='bbox 1494 694 1616 771; x_wconf 84' lang='lat' dir='ltr'><strong>ferens</strong></span> <span class='ocrx_word' id='word_1_20' title='bbox 1642 696 1857 790; x_wconf 87' lang='lat' dir='ltr'><strong>Aeschines,</strong></span> 
     </span>
     <span class='ocr_line' id='line_1_4' title="bbox 277 819 1861 931; baseline -0.003 -27"><span class='ocrx_word' id='word_1_21' title='bbox 277 847 321 905; x_wconf 91' lang='lat' dir='ltr'><strong>ut</strong></span> <span class='ocrx_word' id='word_1_22' title='bbox 344 828 516 931; x_wconf 87' lang='lat' dir='ltr'><strong>superbia</strong></span> <span class='ocrx_word' id='word_1_23' title='bbox 542 824 807 900; x_wconf 85' lang='lat' dir='ltr'><strong>Thebanorum</strong></span> <span class='ocrx_word' id='word_1_24' title='bbox 834 822 1119 925; x_wconf 81' lang='lat' dir='ltr'><strong>opprimeretur,</strong></span> <span class='ocrx_word' id='word_1_25' title='bbox 1148 819 1309 923; x_wconf 80' lang='lat' dir='ltr'><strong>collegas</strong></span> <span class='ocrx_word' id='word_1_26' title='bbox 1336 846 1423 897; x_wconf 92' lang='lat' dir='ltr'><strong>suos</strong></span> <span class='ocrx_word' id='word_1_27' title='bbox 1450 821 1611 924; x_wconf 92' lang='lat' dir='ltr'><strong>impulit;</strong></span> <span class='ocrx_word' id='word_1_28' title='bbox 1640 849 1685 898; x_wconf 86' lang='lat' dir='ltr'><strong>ex</strong></span> <span class='ocrx_word' id='word_1_29' title='bbox 1710 821 1861 900; x_wconf 91' lang='lat' dir='ltr'><strong>decreto</strong></span> 
     </span>
     <span class='ocr_line' id='line_1_5' title="bbox 276 944 1861 1057; baseline -0.003 -25"><span class='ocrx_word' id='word_1_30' title='bbox 276 957 359 1049; x_wconf 91' lang='lat' dir='ltr'><strong>illo,</strong></span> <span class='ocrx_word' id='word_1_31' title='bbox 392 972 434 1030; x_wconf 92' lang='lat' dir='ltr'><strong>ut</strong></span> <span class='ocrx_word' id='word_1_32' title='bbox 461 979 572 1057; x_wconf 85' lang='lat' dir='ltr'><strong>quam</strong></span> <span class='ocrx_word' id='word_1_33' title='bbox 600 949 761 1055; x_wconf 84' lang='lat' dir='ltr'><strong>plurima</strong></span> <span class='ocrx_word' id='word_1_34' title='bbox 790 944 986 1025; x_wconf 88' lang='lat' dir='ltr'><strong>commoda</strong></span> <span class='ocrx_word' id='word_1_35' title='bbox 1010 946 1235 1051; x_wconf 88' lang='lat' dir='ltr'><strong>reipublicae</strong></span> <span class='ocrx_word' id='word_1_36' title='bbox 1261 947 1371 1049; x_wconf 77' lang='lat' dir='ltr'><strong>legati</strong></span> <span class='ocrx_word' id='word_1_37' title='bbox 1396 966 1578 1041; x_wconf 86' lang='lat' dir='ltr'><strong>curarent,</strong></span> <span class='ocrx_word' id='word_1_38' title='bbox 1612 974 1651 1024; x_wconf 91' lang='lat' dir='ltr'><strong>se</strong></span> <span class='ocrx_word' id='word_1_39' title='bbox 1677 949 1714 1024; x_wconf 95' lang='lat' dir='ltr'><strong>id</strong></span> <span class='ocrx_word' id='word_1_40' title='bbox 1741 951 1861 1028; x_wconf 82' lang='lat' dir='ltr'><strong>iacere</strong></span> 
     </span>
     <span class='ocr_line' id='line_1_6' title="bbox 279 1075 1861 1178; baseline -0.003 -19"><span class='ocrx_word' id='word_1_41' title='bbox 279 1082 414 1158; x_wconf 89' lang='lat' dir='ltr'><strong>debere</strong></span> <span class='ocrx_word' id='word_1_42' title='bbox 445 1097 556 1157; x_wconf 86' lang='lat' dir='ltr'><strong>ratus.</strong></span> <span class='ocrx_word' id='word_1_43' title='bbox 610 1075 882 1154; x_wconf 83' lang='lat' dir='ltr'><strong>Demosthenes</strong></span> <span class='ocrx_word' id='word_1_44' title='bbox 906 1091 1054 1167; x_wconf 85' lang='lat' dir='ltr'><strong>contra,</strong></span> <span class='ocrx_word' id='word_1_45' title='bbox 1083 1091 1184 1149; x_wconf 91' lang='lat' dir='ltr'><strong>totus</strong></span> <span class='ocrx_word' id='word_1_46' title='bbox 1210 1080 1248 1150; x_wconf 92' lang='lat' dir='ltr'><strong>in</strong></span> <span class='ocrx_word' id='word_1_47' title='bbox 1273 1100 1364 1178; x_wconf 89' lang='lat' dir='ltr'><strong>pace</strong></span> <span class='ocrx_word' id='word_1_48' title='bbox 1390 1092 1470 1151; x_wconf 90' lang='lat' dir='ltr'><strong>tum</strong></span> <span class='ocrx_word' id='word_1_49' title='bbox 1495 1092 1669 1169; x_wconf 76' lang='lat' dir='ltr'><strong>versatum,</strong></span> <span class='ocrx_word' id='word_1_50' title='bbox 1706 1103 1756 1154; x_wconf 89' lang='lat' dir='ltr'><strong>ne</strong></span> <span class='ocrx_word' id='word_1_51' title='bbox 1780 1106 1861 1155; x_wconf 92' lang='lat' dir='ltr'><strong>mu·</strong></span> 
     </span>
     <span class='ocr_line' id='line_1_7' title="bbox 278 1200 1862 1306; baseline -0.003 -19"><span class='ocrx_word' id='word_1_52' title='bbox 278 1229 363 1287; x_wconf 87' lang='lat' dir='ltr'><strong>tuae</strong></span> <span class='ocrx_word' id='word_1_53' title='bbox 397 1208 607 1282; x_wconf 91' lang='lat' dir='ltr'><strong>inimicitiae</strong></span> <span class='ocrx_word' id='word_1_54' title='bbox 644 1203 1015 1306; x_wconf 72' lang='lat' dir='ltr'><strong>perturbationesque</strong></span> <span class='ocrx_word' id='word_1_55' title='bbox 1050 1204 1148 1277; x_wconf 89' lang='lat' dir='ltr'><strong>inter</strong></span> <span class='ocrx_word' id='word_1_56' title='bbox 1182 1204 1347 1278; x_wconf 80' lang='lat' dir='ltr'><strong>civitates</strong></span> <span class='ocrx_word' id='word_1_57' title='bbox 1384 1200 1649 1297; x_wconf 87' lang='lat' dir='ltr'><strong>conflarentur,</strong></span> <span class='ocrx_word' id='word_1_58' title='bbox 1689 1207 1862 1282; x_wconf 84' lang='lat' dir='ltr'><strong>censebat</strong></span> 
     </span>
     <span class='ocr_line' id='line_1_8' title="bbox 278 1317 1860 1435; baseline -0.002 -25"><span class='ocrx_word' id='word_1_59' title='bbox 278 1332 428 1432; x_wconf 87' lang='lat' dir='ltr'><strong>(Aesch.</strong></span> <span class='ocrx_word' id='word_1_60' title='bbox 459 1359 494 1403; x_wconf 84' lang='grc' dir='ltr'><strong>π.</strong></span> <span class='ocrx_word' id='word_1_61' title='bbox 521 1317 648 1435; x_wconf 67' lang='lat' dir='ltr'><strong>upsall-</strong></span> <span class='ocrx_word' id='word_1_62' title='bbox 675 1331 820 1432; x_wconf 70' lang='lat' dir='ltr'><strong>plat</strong></span> <span class='ocrx_word' id='word_1_63' title='bbox 838 1331 959 1430; x_wconf 80' lang='lat' dir='ltr'><strong>sqq).</strong></span> <span class='ocrx_word' id='word_1_64' title='bbox 1014 1326 1141 1423; x_wconf 91' lang='lat' dir='ltr'><strong>Quum</strong></span> <span class='ocrx_word' id='word_1_65' title='bbox 1172 1333 1282 1430; x_wconf 76' lang='lat' dir='ltr'><strong>igitur</strong></span> <span class='ocrx_word' id='word_1_66' title='bbox 1306 1327 1523 1433; x_wconf 89' lang='lat' dir='ltr'><strong>Philippum</strong></span> <span class='ocrx_word' id='word_1_67' title='bbox 1556 1347 1595 1406; x_wconf 89' lang='lat' dir='ltr'><strong>et</strong></span> <span class='ocrx_word' id='word_1_68' title='bbox 1624 1357 1646 1404; x_wconf 93' lang='lat' dir='ltr'><strong>a</strong></span> <span class='ocrx_word' id='word_1_69' title='bbox 1672 1330 1860 1407; x_wconf 87' lang='lat' dir='ltr'><strong>Thebanis</strong></span> 
     </span>
     <span class='ocr_line' id='line_1_9' title="bbox 278 1454 1860 1560; baseline -0.002 -24"><span class='ocrx_word' id='word_1_70' title='bbox 278 1479 315 1537; x_wconf 91' lang='lat' dir='ltr'><strong>et</strong></span> <span class='ocrx_word' id='word_1_71' title='bbox 339 1486 359 1533; x_wconf 90' lang='lat' dir='ltr'><strong>a</strong></span> <span class='ocrx_word' id='word_1_72' title='bbox 383 1457 636 1534; x_wconf 86' lang='lat' dir='ltr'><strong>Phocensibus</strong></span> <span class='ocrx_word' id='word_1_73' title='bbox 664 1454 799 1531; x_wconf 83' lang='lat' dir='ltr'><strong>auxilio</strong></span> <span class='ocrx_word' id='word_1_74' title='bbox 825 1471 995 1532; x_wconf 83' lang='lat' dir='ltr'><strong>vocatum</strong></span> <span class='ocrx_word' id='word_1_75' title='bbox 1021 1481 1090 1557; x_wconf 89' lang='lat' dir='ltr'><strong>per</strong></span> <span class='ocrx_word' id='word_1_76' title='bbox 1118 1454 1389 1560; x_wconf 87' lang='lat' dir='ltr'><strong>Thermopylas</strong></span> <span class='ocrx_word' id='word_1_77' title='bbox 1420 1460 1460 1532; x_wconf 91' lang='lat' dir='ltr'><strong>in</strong></span> <span class='ocrx_word' id='word_1_78' title='bbox 1482 1455 1687 1532; x_wconf 88' lang='lat' dir='ltr'><strong>Phocidem</strong></span> <span class='ocrx_word' id='word_1_79' title='bbox 1717 1461 1860 1534; x_wconf 84' lang='lat' dir='ltr'><strong>invasu·</strong></span> 
     </span>
     <span class='ocr_line' id='line_1_10' title="bbox 278 1580 1859 1689; baseline -0.003 -25"><span class='ocrx_word' id='word_1_80' title='bbox 278 1614 361 1664; x_wconf 90' lang='lat' dir='ltr'><strong>rum</strong></span> <span class='ocrx_word' id='word_1_81' title='bbox 382 1611 460 1662; x_wconf 91' lang='lat' dir='ltr'><strong>esse</strong></span> <span class='ocrx_word' id='word_1_82' title='bbox 480 1582 684 1661; x_wconf 83' lang='lat' dir='ltr'><strong>Aeschines</strong></span> <span class='ocrx_word' id='word_1_83' title='bbox 702 1580 952 1674; x_wconf 85' lang='lat' dir='ltr'><strong>intellexisset,</strong></span> <span class='ocrx_word' id='word_1_84' title='bbox 980 1581 1175 1658; x_wconf 86' lang='lat' dir='ltr'><strong>utilitatem</strong></span> <span class='ocrx_word' id='word_1_85' title='bbox 1197 1581 1284 1658; x_wconf 91' lang='lat' dir='ltr'><strong>inde</strong></span> <span class='ocrx_word' id='word_1_86' title='bbox 1302 1583 1526 1687; x_wconf 79' lang='lat' dir='ltr'><strong>reipublicae</strong></span> <span class='ocrx_word' id='word_1_87' title='bbox 1547 1611 1675 1689; x_wconf 87' lang='lat' dir='ltr'><strong>parare</strong></span> <span class='ocrx_word' id='word_1_88' title='bbox 1696 1582 1859 1677; x_wconf 89' lang='lat' dir='ltr'><strong>studens,</strong></span> 
     </span>
     <span class='ocr_line' id='line_1_11' title="bbox 279 1707 1861 1820; baseline -0.002 -32"><span class='ocrx_word' id='word_1_89' title='bbox 279 1741 396 1820; x_wconf 90' lang='lat' dir='ltr'><strong>quum</strong></span> <span class='ocrx_word' id='word_1_90' title='bbox 421 1728 506 1788; x_wconf 90' lang='lat' dir='ltr'><strong>ante</strong></span> <span class='ocrx_word' id='word_1_91' title='bbox 530 1710 747 1814; x_wconf 90' lang='lat' dir='ltr'><strong>Philippum</strong></span> <span class='ocrx_word' id='word_1_92' title='bbox 773 1707 931 1799; x_wconf 87' lang='lat' dir='ltr'><strong>dicebat,</strong></span> <span class='ocrx_word' id='word_1_93' title='bbox 960 1711 1082 1811; x_wconf 85' lang='lat' dir='ltr'><strong>primo</strong></span> <span class='ocrx_word' id='word_1_94' title='bbox 1110 1709 1256 1787; x_wconf 90' lang='lat' dir='ltr'><strong>locutus</strong></span> <span class='ocrx_word' id='word_1_95' title='bbox 1277 1707 1324 1785; x_wconf 91' lang='lat' dir='ltr'><strong>de</strong></span> <span class='ocrx_word' id='word_1_96' title='bbox 1344 1715 1590 1802; x_wconf 75' lang='lat' dir='ltr'><strong>sacramentis,</strong></span> <span class='ocrx_word' id='word_1_97' title='bbox 1621 1736 1716 1813; x_wconf 88' lang='lat' dir='ltr'><strong>quae</strong></span> <span class='ocrx_word' id='word_1_98' title='bbox 1735 1737 1755 1785; x_wconf 89' lang='lat' dir='ltr'><strong>a</strong></span> <span class='ocrx_word' id='word_1_99' title='bbox 1773 1708 1861 1786; x_wconf 91' lang='lat' dir='ltr'><strong>Phi·</strong></span> 
     </span>
     <span class='ocr_line' id='line_1_12' title="bbox 278 1835 1861 1946; baseline -0.004 -28"><span class='ocrx_word' id='word_1_100' title='bbox 278 1844 386 1946; x_wconf 92' lang='lat' dir='ltr'><strong>lippo</strong></span> <span class='ocrx_word' id='word_1_101' title='bbox 419 1844 563 1943; x_wconf 77' lang='lat' dir='ltr'><strong>exigere</strong></span> <span class='ocrx_word' id='word_1_102' title='bbox 587 1840 675 1913; x_wconf 89' lang='lat' dir='ltr'><strong>iussi</strong></span> <span class='ocrx_word' id='word_1_103' title='bbox 698 1847 819 1911; x_wconf 87' lang='lat' dir='ltr'><strong>esseut</strong></span> <span class='ocrx_word' id='word_1_104' title='bbox 843 1835 967 1938; x_wconf 81' lang='lat' dir='ltr'><strong>legati,</strong></span> <span class='ocrx_word' id='word_1_105' title='bbox 1003 1835 1125 1939; x_wconf 92' lang='lat' dir='ltr'><strong>deque</strong></span> <span class='ocrx_word' id='word_1_106' title='bbox 1151 1836 1244 1929; x_wconf 87' lang='lat' dir='ltr'><strong>aliis,</strong></span> <span class='ocrx_word' id='word_1_107' title='bbox 1273 1862 1367 1940; x_wconf 91' lang='lat' dir='ltr'><strong>quae</strong></span> <span class='ocrx_word' id='word_1_108' title='bbox 1393 1864 1413 1913; x_wconf 93' lang='lat' dir='ltr'><strong>a</strong></span> <span class='ocrx_word' id='word_1_109' title='bbox 1439 1837 1584 1941; x_wconf 91' lang='lat' dir='ltr'><strong>populo</strong></span> <span class='ocrx_word' id='word_1_110' title='bbox 1610 1836 1779 1914; x_wconf 87' lang='lat' dir='ltr'><strong>mandata</strong></span> <span class='ocrx_word' id='word_1_111' title='bbox 1806 1863 1861 1913; x_wconf 85' lang='lat' dir='ltr'><strong>es·</strong></span> 
     </span>
     <span class='ocr_line' id='line_1_13' title="bbox 279 1960 1861 2069; baseline -0.004 -24"><span class='ocrx_word' id='word_1_112' title='bbox 279 1987 380 2060; x_wconf 90' lang='lat' dir='ltr'><strong>sent,</strong></span> <span class='ocrx_word' id='word_1_113' title='bbox 415 1980 493 2042; x_wconf 84' lang='lat' dir='ltr'><strong>tum</strong></span> <span class='ocrx_word' id='word_1_114' title='bbox 525 1965 639 2040; x_wconf 85' lang='lat' dir='ltr'><strong>fusius</strong></span> <span class='ocrx_word' id='word_1_115' title='bbox 663 1965 757 2060; x_wconf 82' lang='lat'>(¹⁷⁹)</span> <span class='ocrx_word' id='word_1_116' title='bbox 791 1960 1065 2066; x_wconf 86' lang='lat' dir='ltr'><strong>expeditionem</strong></span> <span class='ocrx_word' id='word_1_117' title='bbox 1091 1962 1363 2069; x_wconf 81' lang='lat' dir='ltr'><strong>Thermopylas</strong></span> <span class='ocrx_word' id='word_1_118' title='bbox 1393 1989 1517 2040; x_wconf 80' lang='lat' dir='ltr'><strong>sersus</strong></span> <span class='ocrx_word' id='word_1_119' title='bbox 1549 1981 1708 2041; x_wconf 86' lang='lat' dir='ltr'><strong>tractans</strong></span> <span class='ocrx_word' id='word_1_120' title='bbox 1736 1964 1861 2041; x_wconf 89' lang='lat' dir='ltr'><strong>horta·</strong></span> 
     </span>
     <span class='ocr_line' id='line_1_14' title="bbox 278 2089 1859 2195; baseline -0.002 -26"><span class='ocrx_word' id='word_1_121' title='bbox 278 2113 337 2170; x_wconf 90' lang='lat' dir='ltr'><strong>tus</strong></span> <span class='ocrx_word' id='word_1_122' title='bbox 370 2109 425 2167; x_wconf 89' lang='lat' dir='ltr'><strong>est</strong></span> <span class='ocrx_word' id='word_1_123' title='bbox 456 2115 598 2192; x_wconf 80' lang='lat' dir='ltr'><strong>regem,</strong></span> <span class='ocrx_word' id='word_1_124' title='bbox 633 2105 694 2181; x_wconf 90' lang='lat' dir='ltr'><strong>ut,</strong></span> <span class='ocrx_word' id='word_1_125' title='bbox 739 2114 854 2192; x_wconf 91' lang='lat' dir='ltr'><strong>quum</strong></span> <span class='ocrx_word' id='word_1_126' title='bbox 886 2094 1048 2165; x_wconf 86' lang='lat' dir='ltr'><strong>exercitu</strong></span> <span class='ocrx_word' id='word_1_127' title='bbox 1080 2090 1221 2167; x_wconf 91' lang='lat' dir='ltr'><strong>bellum</strong></span> <span class='ocrx_word' id='word_1_128' title='bbox 1254 2090 1456 2168; x_wconf 87' lang='lat' dir='ltr'><strong>Phocicum</strong></span> <span class='ocrx_word' id='word_1_129' title='bbox 1488 2089 1595 2168; x_wconf 85' lang='lat' dir='ltr'><strong>linire</strong></span> <span class='ocrx_word' id='word_1_130' title='bbox 1628 2095 1859 2195; x_wconf 90' lang='lat' dir='ltr'><strong>suscepisset,</strong></span> 
     </span>
     <span class='ocr_line' id='line_1_15' title="bbox 194 2210 1861 2322; baseline -0.002 -26"><span class='ocrx_word' id='word_1_131' title='bbox 194 2210 197 2215; x_wconf 53' lang='grc'>’</span> <span class='ocrx_word' id='word_1_132' title='bbox 279 2243 427 2296; x_wconf 89' lang='lat' dir='ltr'><strong>omnem</strong></span> <span class='ocrx_word' id='word_1_133' title='bbox 451 2240 576 2292; x_wconf 83' lang='lat' dir='ltr'><strong>curam</strong></span> <span class='ocrx_word' id='word_1_134' title='bbox 599 2219 709 2292; x_wconf 86' lang='lat' dir='ltr'><strong>sacris</strong></span> <span class='ocrx_word' id='word_1_135' title='bbox 729 2215 930 2292; x_wconf 89' lang='lat' dir='ltr'><strong>Hellenicis</strong></span> <span class='ocrx_word' id='word_1_136' title='bbox 950 2214 1163 2293; x_wconf 88' lang='lat' dir='ltr'><strong>ordinandis</strong></span> <span class='ocrx_word' id='word_1_137' title='bbox 1188 2216 1394 2311; x_wconf 89' lang='lat' dir='ltr'><strong>adhiberet,</strong></span> <span class='ocrx_word' id='word_1_138' title='bbox 1422 2222 1597 2322; x_wconf 91' lang='lat' dir='ltr'><strong>pietatem</strong></span> <span class='ocrx_word' id='word_1_139' title='bbox 1616 2216 1771 2294; x_wconf 86' lang='lat' dir='ltr'><strong>deorum</strong></span> <span class='ocrx_word' id='word_1_140' title='bbox 1793 2220 1861 2293; x_wconf 91' lang='lat' dir='ltr'><strong>ob·</strong></span> 
     </span>
     <span class='ocr_line' id='line_1_16' title="bbox 279 2342 1862 2449; baseline -0.004 -26"><span class='ocrx_word' id='word_1_141' title='bbox 279 2362 458 2436; x_wconf 81' lang='lat' dir='ltr'><strong>servaret,</strong></span> <span class='ocrx_word' id='word_1_142' title='bbox 491 2368 539 2420; x_wconf 86' lang='lat' dir='ltr'><strong>ne</strong></span> <span class='ocrx_word' id='word_1_143' title='bbox 565 2368 686 2446; x_wconf 82' lang='lat' dir='ltr'><strong>aeqsso</strong></span> <span class='ocrx_word' id='word_1_144' title='bbox 712 2346 835 2419; x_wconf 83' lang='lat' dir='ltr'><strong>animo</strong></span> <span class='ocrx_word' id='word_1_145' title='bbox 860 2342 992 2436; x_wconf 84' lang='lat' dir='ltr'><strong>ferret,</strong></span> <span class='ocrx_word' id='word_1_146' title='bbox 1027 2343 1165 2447; x_wconf 89' lang='lat' dir='ltr'><strong>oppida</strong></span> <span class='ocrx_word' id='word_1_147' title='bbox 1191 2345 1388 2439; x_wconf 86' lang='lat' dir='ltr'><strong>Boeotiea,</strong></span> <span class='ocrx_word' id='word_1_148' title='bbox 1422 2349 1561 2449; x_wconf 88' lang='lat' dir='ltr'><strong>quippe</strong></span> <span class='ocrx_word' id='word_1_149' title='bbox 1587 2371 1681 2448; x_wconf 88' lang='lat' dir='ltr'><strong>quae</strong></span> <span class='ocrx_word' id='word_1_150' title='bbox 1705 2343 1862 2448; x_wconf 89' lang='lat' dir='ltr'><strong>Amphi·</strong></span> 
     </span>
     <span class='ocr_line' id='line_1_17' title="bbox 281 2468 1861 2580; baseline -0.003 -28"><span class='ocrx_word' id='word_1_151' title='bbox 281 2477 448 2580; x_wconf 82' lang='lat' dir='ltr'><strong>ctyonics</strong></span> <span class='ocrx_word' id='word_1_152' title='bbox 474 2485 606 2562; x_wconf 89' lang='lat' dir='ltr'><strong>essent,</strong></span> <span class='ocrx_word' id='word_1_153' title='bbox 636 2468 754 2546; x_wconf 87' lang='lat' dir='ltr'><strong>diruta</strong></span> <span class='ocrx_word' id='word_1_154' title='bbox 781 2472 914 2562; x_wconf 88' lang='lat' dir='ltr'><strong>iacere,</strong></span> <span class='ocrx_word' id='word_1_155' title='bbox 942 2487 985 2546; x_wconf 93' lang='lat' dir='ltr'><strong>ut</strong></span> <span class='ocrx_word' id='word_1_156' title='bbox 1007 2470 1342 2574; x_wconf 81' lang='lat' dir='ltr'><strong>Amphictyonibus</strong></span> <span class='ocrx_word' id='word_1_157' title='bbox 1369 2472 1533 2548; x_wconf 87' lang='lat' dir='ltr'><strong>collectis</strong></span> <span class='ocrx_word' id='word_1_158' title='bbox 1556 2474 1584 2548; x_wconf 90' lang='lat' dir='ltr'><strong>ii</strong></span> <span class='ocrx_word' id='word_1_159' title='bbox 1609 2471 1681 2547; x_wconf 90' lang='lat' dir='ltr'><strong>soli</strong></span> <span class='ocrx_word' id='word_1_160' title='bbox 1706 2470 1861 2547; x_wconf 88' lang='lat' dir='ltr'><strong>delicto·</strong></span> 
     </span>
     <span class='ocr_line' id='line_1_18' title="bbox 280 2591 1862 2704; baseline -0.001 -28"><span class='ocrx_word' id='word_1_161' title='bbox 280 2627 363 2676; x_wconf 85' lang='lat' dir='ltr'><strong>rum</strong></span> <span class='ocrx_word' id='word_1_162' title='bbox 387 2591 547 2704; x_wconf 78' lang='lat' dir='ltr'><strong>poenam</strong></span> <span class='ocrx_word' id='word_1_163' title='bbox 571 2595 730 2689; x_wconf 90' lang='lat' dir='ltr'><strong>luerent,</strong></span> <span class='ocrx_word' id='word_1_164' title='bbox 766 2600 830 2700; x_wconf 86' lang='lat' dir='ltr'><strong>qui</strong></span> <span class='ocrx_word' id='word_1_165' title='bbox 853 2596 995 2700; x_wconf 83' lang='lat' dir='ltr'><strong>templo</strong></span> <span class='ocrx_word' id='word_1_166' title='bbox 1017 2600 1054 2672; x_wconf 81' lang='lat' dir='ltr'><strong>si</strong></span> <span class='ocrx_word' id='word_1_167' title='bbox 1080 2613 1261 2698; x_wconf 91' lang='lat' dir='ltr'><strong>occupato</strong></span> <span class='ocrx_word' id='word_1_168' title='bbox 1292 2597 1533 2700; x_wconf 83' lang='lat' dir='ltr'><strong>inexpiabiles</strong></span> <span class='ocrx_word' id='word_1_169' title='bbox 1557 2596 1704 2673; x_wconf 84' lang='lat' dir='ltr'><strong>fraudes</strong></span> <span class='ocrx_word' id='word_1_170' title='bbox 1729 2624 1862 2675; x_wconf 89' lang='lat' dir='ltr'><strong>conce·</strong></span> 
     </span>
     <span class='ocr_line' id='line_1_19' title="bbox 281 2720 1860 2832; baseline -0.002 -31"><span class='ocrx_word' id='word_1_171' title='bbox 281 2734 433 2832; x_wconf 64' lang='lat' dir='ltr'><strong>pisunt,</strong></span> <span class='ocrx_word' id='word_1_172' title='bbox 453 2727 567 2799; x_wconf 89' lang='lat' dir='ltr'><strong>ceteri</strong></span> <span class='ocrx_word' id='word_1_173' title='bbox 586 2748 707 2827; x_wconf 89' lang='lat' dir='ltr'><strong>poena</strong></span> <span class='ocrx_word' id='word_1_174' title='bbox 725 2740 910 2813; x_wconf 81' lang='lat' dir='ltr'><strong>vacarent3</strong></span> <span class='ocrx_word' id='word_1_175' title='bbox 930 2721 1090 2825; x_wconf 87' lang='lat' dir='ltr'><strong>denique</strong></span> <span class='ocrx_word' id='word_1_176' title='bbox 1111 2747 1157 2797; x_wconf 91' lang='lat' dir='ltr'><strong>ne</strong></span> <span class='ocrx_word' id='word_1_177' title='bbox 1176 2720 1374 2799; x_wconf 87' lang='lat' dir='ltr'><strong>sceleratos</strong></span> <span class='ocrx_word' id='word_1_178' title='bbox 1392 2724 1592 2801; x_wconf 88' lang='lat' dir='ltr'><strong>Thebanos</strong></span> <span class='ocrx_word' id='word_1_179' title='bbox 1610 2728 1758 2799; x_wconf 75' lang='lat' dir='ltr'><strong>iuraret.</strong></span> <span class='ocrx_word' id='word_1_180' title='bbox 1770 2725 1860 2819; x_wconf 81' lang='lat'>(¹⁸⁰)</span> 
     </span>
     <span class='ocr_line' id='line_1_20' title="bbox 282 2847 1860 2954; baseline -0.003 -26"><span class='ocrx_word' id='word_1_181' title='bbox 282 2854 430 2928; x_wconf 89' lang='lat' dir='ltr'><strong>Thebas</strong></span> <span class='ocrx_word' id='word_1_182' title='bbox 457 2855 554 2926; x_wconf 90' lang='lat' dir='ltr'><strong>enim</strong></span> <span class='ocrx_word' id='word_1_183' title='bbox 583 2876 661 2926; x_wconf 89' lang='lat' dir='ltr'><strong>esse</strong></span> <span class='ocrx_word' id='word_1_184' title='bbox 682 2847 874 2941; x_wconf 85' lang='lat' dir='ltr'><strong>Boeotiae,</strong></span> <span class='ocrx_word' id='word_1_185' title='bbox 904 2876 981 2925; x_wconf 91' lang='lat' dir='ltr'><strong>uon</strong></span> <span class='ocrx_word' id='word_1_186' title='bbox 1005 2849 1197 2925; x_wconf 89' lang='lat' dir='ltr'><strong>Boeotiam</strong></span> <span class='ocrx_word' id='word_1_187' title='bbox 1213 2848 1439 2926; x_wconf 84' lang='lat' dir='ltr'><strong>Thebarum.</strong></span> <span class='ocrx_word' id='word_1_188' title='bbox 1468 2850 1549 2926; x_wconf 85' lang='lat' dir='ltr'><strong>Rex</strong></span> <span class='ocrx_word' id='word_1_189' title='bbox 1569 2852 1727 2954; x_wconf 84' lang='lat' dir='ltr'><strong>benigne</strong></span> <span class='ocrx_word' id='word_1_190' title='bbox 1744 2849 1860 2925; x_wconf 88' lang='lat' dir='ltr'><strong>Athe·</strong></span> 
     </span>
     <span class='ocr_line' id='line_1_21' title="bbox 280 2976 1862 3081; baseline -0.003 -25"><span class='ocrx_word' id='word_1_191' title='bbox 280 2986 423 3056; x_wconf 89' lang='lat' dir='ltr'><strong>nienses</strong></span> <span class='ocrx_word' id='word_1_192' title='bbox 449 2979 641 3054; x_wconf 83' lang='lat' dir='ltr'><strong>tractabat:</strong></span> <span class='ocrx_word' id='word_1_193' title='bbox 669 2977 796 3080; x_wconf 81' lang='lat' dir='ltr'><strong>legatis</strong></span> <span class='ocrx_word' id='word_1_194' title='bbox 822 2981 961 3052; x_wconf 88' lang='lat' dir='ltr'><strong>cunctis</strong></span> <span class='ocrx_word' id='word_1_195' title='bbox 988 3002 1058 3079; x_wconf 91' lang='lat' dir='ltr'><strong>pro</strong></span> <span class='ocrx_word' id='word_1_196' title='bbox 1082 2980 1180 3051; x_wconf 91' lang='lat' dir='ltr'><strong>comi</strong></span> <span class='ocrx_word' id='word_1_197' title='bbox 1196 3002 1269 3052; x_wconf 90' lang='lat' dir='ltr'><strong>suo</strong></span> <span class='ocrx_word' id='word_1_198' title='bbox 1293 2998 1336 3052; x_wconf 80' lang='lat' dir='ltr'><strong>ec</strong></span> <span class='ocrx_word' id='word_1_199' title='bbox 1355 2976 1551 3081; x_wconf 90' lang='lat' dir='ltr'><strong>splendido</strong></span> <span class='ocrx_word' id='word_1_200' title='bbox 1572 3004 1676 3055; x_wconf 89' lang='lat' dir='ltr'><strong>more</strong></span> <span class='ocrx_word' id='word_1_201' title='bbox 1695 3003 1862 3080; x_wconf 83' lang='lat' dir='ltr'><strong>maguam</strong></span> 
     </span>
     <span class='ocr_line' id='line_1_22' title="bbox 281 3101 1861 3211; baseline -0.001 -30"><span class='ocrx_word' id='word_1_202' title='bbox 281 3109 460 3211; x_wconf 88' lang='lat' dir='ltr'><strong>pecuniae</strong></span> <span class='ocrx_word' id='word_1_203' title='bbox 493 3108 566 3181; x_wconf 75' lang='lat' dir='ltr'><strong>nm</strong></span> <span class='ocrx_word' id='word_1_204' title='bbox 598 3120 640 3179; x_wconf 90' lang='lat' dir='ltr'><strong>ut</strong></span> <span class='ocrx_word' id='word_1_205' title='bbox 666 3129 798 3179; x_wconf 87' lang='lat' dir='ltr'><strong>munus</strong></span> <span class='ocrx_word' id='word_1_206' title='bbox 823 3102 1007 3206; x_wconf 87' lang='lat' dir='ltr'><strong>hospitale</strong></span> <span class='ocrx_word' id='word_1_207' title='bbox 1032 3101 1147 3178; x_wconf 88' lang='lat' dir='ltr'><strong>donat</strong></span> <span class='ocrx_word' id='word_1_208' title='bbox 1176 3101 1464 3199; x_wconf 84' lang='lat' dir='ltr'><strong>(Demosthenes</strong></span> <span class='ocrx_word' id='word_1_209' title='bbox 1488 3131 1590 3180; x_wconf 90' lang='lat' dir='ltr'><strong>suam</strong></span> <span class='ocrx_word' id='word_1_210' title='bbox 1615 3123 1756 3209; x_wconf 86' lang='lat' dir='ltr'><strong>partem</strong></span> <span class='ocrx_word' id='word_1_211' title='bbox 1783 3130 1861 3180; x_wconf 91' lang='lat' dir='ltr'><strong>sese</strong></span> 
     </span>
    </p>
   </div>
   <div class='ocr_carea' id='block_1_3' title="bbox 280 3432 1924 4241">
    <p class='ocr_par' dir='ltr' id='par_1_3' title="bbox 280 3432 1924 3921">
     <span class='ocr_line' id='line_1_23' title="bbox 323 3432 1861 3515; baseline 0.003 -21"><span class='ocrx_word' id='word_1_212' title='bbox 323 3433 395 3514; x_wconf 79' lang='lat'>(¹⁷⁸)</span> <span class='ocrx_word' id='word_1_213' title='bbox 427 3434 527 3496; x_wconf 80' lang='lat' dir='ltr'><strong>[tutin.</strong></span> <span class='ocrx_word' id='word_1_214' title='bbox 539 3432 655 3494; x_wconf 69' lang='lat' dir='ltr'><strong>vnit:</strong></span> <span class='ocrx_word' id='word_1_215' title='bbox 683 3433 842 3509; x_wconf 80' lang='lat' dir='ltr'><strong>„Foednm</strong></span> <span class='ocrx_word' id='word_1_216' title='bbox 862 3451 980 3515; x_wconf 80' lang='lat' dir='ltr'><strong>prorem</strong></span> <span class='ocrx_word' id='word_1_217' title='bbox 1000 3434 1249 3514; x_wconf 84' lang='lat' dir='ltr'><strong>miserandumque</strong></span> <span class='ocrx_word' id='word_1_218' title='bbox 1270 3435 1480 3515; x_wconf 73' lang='lat' dir='ltr'><strong>spectaculum,</strong></span> <span class='ocrx_word' id='word_1_219' title='bbox 1501 3433 1656 3498; x_wconf 84' lang='lat' dir='ltr'><strong>Graeciam</strong></span> <span class='ocrx_word' id='word_1_220' title='bbox 1677 3439 1763 3498; x_wconf 84' lang='lat' dir='ltr'><strong>etism</strong></span> <span class='ocrx_word' id='word_1_221' title='bbox 1784 3458 1861 3498; x_wconf 86' lang='lat' dir='ltr'><strong>nunc</strong></span> 
     </span>
     <span class='ocr_line' id='line_1_24' title="bbox 283 3532 1862 3619; baseline -0.001 -20"><span class='ocrx_word' id='word_1_222' title='bbox 283 3548 314 3600; x_wconf 89' lang='lat' dir='ltr'><strong>et</strong></span> <span class='ocrx_word' id='word_1_223' title='bbox 329 3534 443 3597; x_wconf 67' lang='lat' dir='ltr'><strong>uiribus</strong></span> <span class='ocrx_word' id='word_1_224' title='bbox 462 3548 494 3597; x_wconf 89' lang='lat' dir='ltr'><strong>et</strong></span> <span class='ocrx_word' id='word_1_225' title='bbox 514 3533 655 3619; x_wconf 81' lang='lat' dir='ltr'><strong>dignitate</strong></span> <span class='ocrx_word' id='word_1_226' title='bbox 676 3532 758 3596; x_wconf 83' lang='lat' dir='ltr'><strong>urhis</strong></span> <span class='ocrx_word' id='word_1_227' title='bbox 778 3544 920 3595; x_wconf 71' lang='lat' dir='ltr'><strong>terrm</strong></span> <span class='ocrx_word' id='word_1_228' title='bbox 941 3533 1119 3615; x_wconf 89' lang='lat' dir='ltr'><strong>principem,</strong></span> <span class='ocrx_word' id='word_1_229' title='bbox 1144 3550 1246 3619; x_wconf 80' lang='lat' dir='ltr'><strong>segem</strong></span> <span class='ocrx_word' id='word_1_230' title='bbox 1266 3545 1348 3596; x_wconf 79' lang='lat' dir='ltr'><strong>certe</strong></span> <span class='ocrx_word' id='word_1_231' title='bbox 1369 3534 1556 3618; x_wconf 74' lang='lat' dir='ltr'><strong>gentiumque</strong></span> <span class='ocrx_word' id='word_1_232' title='bbox 1576 3554 1692 3617; x_wconf 84' lang='lat' dir='ltr'><strong>semper</strong></span> <span class='ocrx_word' id='word_1_233' title='bbox 1711 3536 1862 3598; x_wconf 82' lang='lat' dir='ltr'><strong>victricem</strong></span> 
     </span>
     <span class='ocr_line' id='line_1_25' title="bbox 282 3630 1924 3718; baseline -0.001 -19"><span class='ocrx_word' id='word_1_234' title='bbox 282 3648 314 3700; x_wconf 87' lang='lat' dir='ltr'><strong>et</strong></span> <span class='ocrx_word' id='word_1_235' title='bbox 334 3637 485 3699; x_wconf 80' lang='lat' dir='ltr'><strong>multsrum</strong></span> <span class='ocrx_word' id='word_1_236' title='bbox 506 3632 598 3697; x_wconf 84' lang='lat' dir='ltr'><strong>adhue</strong></span> <span class='ocrx_word' id='word_1_237' title='bbox 619 3630 734 3696; x_wconf 87' lang='lat' dir='ltr'><strong>urbium</strong></span> <span class='ocrx_word' id='word_1_238' title='bbox 756 3630 917 3712; x_wconf 81' lang='lat' dir='ltr'><strong>dominam,</strong></span> <span class='ocrx_word' id='word_1_239' title='bbox 941 3634 1044 3696; x_wconf 79' lang='lat' dir='ltr'><strong>alienis</strong></span> <span class='ocrx_word' id='word_1_240' title='bbox 1065 3633 1206 3696; x_wconf 79' lang='lat' dir='ltr'><strong>excubare</strong></span> <span class='ocrx_word' id='word_1_241' title='bbox 1227 3634 1343 3696; x_wconf 88' lang='lat' dir='ltr'><strong>sedibus</strong></span> <span class='ocrx_word' id='word_1_242' title='bbox 1369 3647 1418 3695; x_wconf 85' lang='lat' dir='ltr'><strong>sut</strong></span> <span class='ocrx_word' id='word_1_243' title='bbox 1437 3646 1589 3718; x_wconf 79' lang='lat' dir='ltr'><strong>rogantem</strong></span> <span class='ocrx_word' id='word_1_244' title='bbox 1610 3634 1719 3696; x_wconf 87' lang='lat' dir='ltr'><strong>bellum</strong></span> <span class='ocrx_word' id='word_1_245' title='bbox 1741 3650 1788 3697; x_wconf 88' lang='lat' dir='ltr'><strong>sut</strong></span> <span class='ocrx_word' id='word_1_246' title='bbox 1809 3636 1861 3698; x_wconf 87' lang='lat' dir='ltr'><strong>de·</strong></span> <span class='ocrx_word' id='word_1_247' title='bbox 1917 3661 1924 3677; x_wconf 65' lang='lat'><strong><em>¹</em></strong></span> 
     </span>
     <span class='ocr_line' id='line_1_26' title="bbox 280 3733 1861 3820; baseline -0.001 -20"><span class='ocrx_word' id='word_1_248' title='bbox 280 3751 465 3820; x_wconf 80' lang='lat' dir='ltr'><strong>precantem,</strong></span> <span class='ocrx_word' id='word_1_249' title='bbox 489 3736 521 3797; x_wconf 87' lang='lat' dir='ltr'><strong>in</strong></span> <span class='ocrx_word' id='word_1_250' title='bbox 546 3736 664 3798; x_wconf 81' lang='lat' dir='ltr'><strong>alterius</strong></span> <span class='ocrx_word' id='word_1_251' title='bbox 690 3752 749 3818; x_wconf 91' lang='lat' dir='ltr'><strong>ope</strong></span> <span class='ocrx_word' id='word_1_252' title='bbox 776 3754 893 3798; x_wconf 80' lang='lat' dir='ltr'><strong>omnem</strong></span> <span class='ocrx_word' id='word_1_253' title='bbox 913 3752 1001 3818; x_wconf 83' lang='lat' dir='ltr'><strong>spem</strong></span> <span class='ocrx_word' id='word_1_254' title='bbox 1027 3735 1157 3817; x_wconf 83' lang='lat' dir='ltr'><strong>posuisse</strong></span> <span class='ocrx_word' id='word_1_255' title='bbox 1183 3734 1264 3797; x_wconf 89' lang='lat' dir='ltr'><strong>orhis</strong></span> <span class='ocrx_word' id='word_1_256' title='bbox 1284 3746 1427 3798; x_wconf 71' lang='lat' dir='ltr'><strong>oerrsrum</strong></span> <span class='ocrx_word' id='word_1_257' title='bbox 1447 3733 1578 3797; x_wconf 79' lang='lat' dir='ltr'><strong>vindices</strong></span> <span class='ocrx_word' id='word_1_258' title='bbox 1600 3756 1694 3817; x_wconf 89' lang='lat' dir='ltr'><strong>eoque</strong></span> <span class='ocrx_word' id='word_1_259' title='bbox 1715 3736 1861 3799; x_wconf 85' lang='lat' dir='ltr'><strong>discordia</strong></span> 
     </span>
     <span class='ocr_line' id='line_1_27' title="bbox 283 3835 1861 3921; baseline 0.001 -22"><span class='ocrx_word' id='word_1_260' title='bbox 283 3858 333 3899; x_wconf 85' lang='lat' dir='ltr'><strong>sua</strong></span> <span class='ocrx_word' id='word_1_261' title='bbox 354 3835 544 3916; x_wconf 84' lang='lat' dir='ltr'><strong>civilibusque</strong></span> <span class='ocrx_word' id='word_1_262' title='bbox 558 3835 642 3898; x_wconf 89' lang='lat' dir='ltr'><strong>hellis</strong></span> <span class='ocrx_word' id='word_1_263' title='bbox 658 3835 804 3912; x_wconf 79' lang='lat' dir='ltr'><strong>reiectos,</strong></span> <span class='ocrx_word' id='word_1_264' title='bbox 824 3847 856 3899; x_wconf 84' lang='lat' dir='ltr'><strong>ut</strong></span> <span class='ocrx_word' id='word_1_265' title='bbox 869 3835 1022 3900; x_wconf 82' lang='lat' dir='ltr'><strong>adulentur</strong></span> <span class='ocrx_word' id='word_1_266' title='bbox 1034 3835 1112 3899; x_wconf 76' lang='lat' dir='ltr'><strong>diso</strong></span> <span class='ocrx_word' id='word_1_267' title='bbox 1126 3835 1273 3899; x_wconf 78' lang='lat' dir='ltr'><strong>madidam</strong></span> <span class='ocrx_word' id='word_1_268' title='bbox 1290 3836 1377 3917; x_wconf 79' lang='lat' dir='ltr'><strong>paule</strong></span> <span class='ocrx_word' id='word_1_269' title='bbox 1391 3846 1458 3898; x_wconf 87' lang='lat' dir='ltr'><strong>snte</strong></span> <span class='ocrx_word' id='word_1_270' title='bbox 1470 3835 1624 3900; x_wconf 83' lang='lat' dir='ltr'><strong>clientelse</strong></span> <span class='ocrx_word' id='word_1_271' title='bbox 1638 3857 1705 3900; x_wconf 80' lang='lat' dir='ltr'><strong>suae</strong></span> <span class='ocrx_word' id='word_1_272' title='bbox 1720 3838 1861 3921; x_wconf 59' lang='grc' dir='ltr'><strong>ριηειιιῗἲ</strong></span> 
     </span>
    </p>

    <p class='ocr_par' dir='ltr' id='par_1_4' title="bbox 281 3951 1861 4241">
     <span class='ocr_line' id='line_1_28' title="bbox 324 3951 1859 4038; baseline 0.001 -24"><span class='ocrx_word' id='word_1_273' title='bbox 324 3953 395 4032; x_wconf 82' lang='lat'>(¹⁷⁹)</span> <span class='ocrx_word' id='word_1_274' title='bbox 427 3952 531 4017; x_wconf 82' lang='lat' dir='ltr'><strong>Aesch</strong></span> <span class='ocrx_word' id='word_1_275' title='bbox 552 3954 605 4015; x_wconf 79' lang='lat' dir='ltr'><strong>ll</strong></span> <span class='ocrx_word' id='word_1_276' title='bbox 628 3951 838 4018; x_wconf 80' lang='lat' dir='ltr'><strong>conditionem</strong></span> <span class='ocrx_word' id='word_1_277' title='bbox 858 3954 961 4036; x_wconf 90' lang='lat' dir='ltr'><strong>templi</strong></span> <span class='ocrx_word' id='word_1_278' title='bbox 980 3952 1120 4038; x_wconf 80' lang='lat' dir='ltr'><strong>Delphici</strong></span> <span class='ocrx_word' id='word_1_279' title='bbox 1145 3964 1243 4016; x_wconf 77' lang='lat' dir='ltr'><strong>nmeat</strong></span> <span class='ocrx_word' id='word_1_280' title='bbox 1266 3965 1299 4016; x_wconf 88' lang='lat' dir='ltr'><strong>et</strong></span> <span class='ocrx_word' id='word_1_281' title='bbox 1318 3953 1443 4034; x_wconf 84' lang='lat' dir='ltr'><strong>primum</strong></span> <span class='ocrx_word' id='word_1_282' title='bbox 1463 3954 1710 4038; x_wconf 76' lang='lat' dir='ltr'><strong>Amphictyonum</strong></span> <span class='ocrx_word' id='word_1_283' title='bbox 1731 3976 1859 4017; x_wconf 82' lang='lat' dir='ltr'><strong>conven-</strong></span> 
     </span>
     <span class='ocr_line' id='line_1_29' title="bbox 281 4053 1861 4138; baseline 0.003 -25"><span class='ocrx_word' id='word_1_284' title='bbox 281 4069 353 4130; x_wconf 79' lang='lat' dir='ltr'><strong>mm,</strong></span> <span class='ocrx_word' id='word_1_285' title='bbox 373 4064 548 4115; x_wconf 78' lang='lat' dir='ltr'><strong>sacramenta</strong></span> <span class='ocrx_word' id='word_1_286' title='bbox 569 4054 652 4137; x_wconf 79' lang='lat' dir='ltr'><strong>legit,</strong></span> <span class='ocrx_word' id='word_1_287' title='bbox 673 4054 742 4115; x_wconf 88' lang='lat' dir='ltr'><strong>alias</strong></span> <span class='ocrx_word' id='word_1_288' title='bbox 762 4075 810 4117; x_wconf 91' lang='lat' dir='ltr'><strong>res</strong></span> <span class='ocrx_word' id='word_1_289' title='bbox 830 4076 847 4117; x_wconf 92' lang='lat' dir='ltr'><strong>e</strong></span> <span class='ocrx_word' id='word_1_290' title='bbox 868 4054 974 4138; x_wconf 83' lang='lat' dir='ltr'><strong>mythis</strong></span> <span class='ocrx_word' id='word_1_291' title='bbox 994 4056 1097 4137; x_wconf 86' lang='lat' dir='ltr'><strong>petitas</strong></span> <span class='ocrx_word' id='word_1_292' title='bbox 1119 4056 1246 4137; x_wconf 79' lang='lat' dir='ltr'><strong>exponit</strong></span> <span class='ocrx_word' id='word_1_293' title='bbox 1286 4053 1381 4116; x_wconf 87' lang='lat' dir='ltr'><strong>Simili</strong></span> <span class='ocrx_word' id='word_1_294' title='bbox 1402 4054 1515 4118; x_wconf 79' lang='lat' dir='ltr'><strong>ratione</strong></span> <span class='ocrx_word' id='word_1_295' title='bbox 1538 4057 1623 4119; x_wconf 86' lang='lat' dir='ltr'><strong>etiam</strong></span> <span class='ocrx_word' id='word_1_296' title='bbox 1645 4055 1674 4116; x_wconf 91' lang='lat' dir='ltr'><strong>in</strong></span> <span class='ocrx_word' id='word_1_297' title='bbox 1696 4057 1796 4137; x_wconf 83' lang='lat' dir='ltr'><strong>priore</strong></span> <span class='ocrx_word' id='word_1_298' title='bbox 1817 4056 1861 4118; x_wconf 91' lang='lat' dir='ltr'><strong>le·</strong></span> 
     </span>
     <span class='ocr_line' id='line_1_30' title="bbox 282 4153 1861 4241; baseline 0 -24"><span class='ocrx_word' id='word_1_299' title='bbox 282 4155 401 4241; x_wconf 75' lang='lat' dir='ltr'><strong>geticae</strong></span> <span class='ocrx_word' id='word_1_300' title='bbox 423 4155 540 4238; x_wconf 72' lang='lat' dir='ltr'><strong>longam</strong></span> <span class='ocrx_word' id='word_1_301' title='bbox 559 4165 624 4216; x_wconf 80' lang='lat' dir='ltr'><strong>aute</strong></span> <span class='ocrx_word' id='word_1_302' title='bbox 646 4153 815 4237; x_wconf 83' lang='lat' dir='ltr'><strong>Philippum</strong></span> <span class='ocrx_word' id='word_1_303' title='bbox 834 4153 933 4217; x_wconf 86' lang='lat' dir='ltr'><strong>hahuit</strong></span> <span class='ocrx_word' id='word_1_304' title='bbox 953 4157 1130 4229; x_wconf 69' lang='lat' dir='ltr'><strong>orationem</strong></span> <span class='ocrx_word' id='word_1_305' title='bbox 1151 4177 1206 4218; x_wconf 88' lang='lat' dir='ltr'><strong>nee</strong></span> <span class='ocrx_word' id='word_1_306' title='bbox 1227 4174 1342 4239; x_wconf 79' lang='lat' dir='ltr'><strong>partem</strong></span> <span class='ocrx_word' id='word_1_307' title='bbox 1362 4155 1430 4218; x_wconf 88' lang='lat' dir='ltr'><strong>inde</strong></span> <span class='ocrx_word' id='word_1_308' title='bbox 1451 4156 1573 4240; x_wconf 75' lang='lat' dir='ltr'><strong>gloriam</strong></span> <span class='ocrx_word' id='word_1_309' title='bbox 1589 4155 1772 4236; x_wconf 78' lang='lat' dir='ltr'><strong>eloquentiae</strong></span> <span class='ocrx_word' id='word_1_310' title='bbox 1786 4157 1861 4238; x_wconf 87' lang='lat' dir='ltr'><strong>apud</strong></span> 
     </span>
    </p>
   </div>
   <div class='ocr_carea' id='block_1_4' title="bbox 284 4252 1860 4441">
    <p class='ocr_par' dir='ltr' id='par_1_5' title="bbox 284 4252 1860 4441">
     <span class='ocr_line' id='line_1_31' title="bbox 284 4252 1860 4340; baseline 0.001 -22"><span class='ocrx_word' id='word_1_311' title='bbox 284 4261 385 4340; x_wconf 69' lang='lat' dir='ltr'><strong>regem</strong></span> <span class='ocrx_word' id='word_1_312' title='bbox 409 4267 506 4317; x_wconf 77' lang='lat' dir='ltr'><strong>uecors</strong></span> <span class='ocrx_word' id='word_1_313' title='bbox 532 4264 585 4317; x_wconf 85' lang='lat' dir='ltr'><strong>est</strong></span> <span class='ocrx_word' id='word_1_314' title='bbox 626 4252 748 4315; x_wconf 84' lang='lat' dir='ltr'><strong>Isocrati</strong></span> <span class='ocrx_word' id='word_1_315' title='bbox 776 4254 807 4316; x_wconf 92' lang='lat' dir='ltr'><strong>in</strong></span> <span class='ocrx_word' id='word_1_316' title='bbox 833 4253 877 4317; x_wconf 89' lang='lat' dir='ltr'><strong>his</strong></span> <span class='ocrx_word' id='word_1_317' title='bbox 898 4269 941 4317; x_wconf 87' lang='lat' dir='ltr'><strong>est</strong></span> <span class='ocrx_word' id='word_1_318' title='bbox 960 4255 1078 4335; x_wconf 87' lang='lat' dir='ltr'><strong>similis,</strong></span> <span class='ocrx_word' id='word_1_319' title='bbox 1106 4257 1185 4318; x_wconf 87' lang='lat' dir='ltr'><strong>cuius</strong></span> <span class='ocrx_word' id='word_1_320' title='bbox 1212 4255 1359 4339; x_wconf 69' lang='lat' dir='ltr'><strong>orationes</strong></span> <span class='ocrx_word' id='word_1_321' title='bbox 1383 4277 1469 4339; x_wconf 81' lang='lat' dir='ltr'><strong>saepe</strong></span> <span class='ocrx_word' id='word_1_322' title='bbox 1490 4276 1524 4318; x_wconf 83' lang='lat' dir='ltr'><strong>sc</strong></span> <span class='ocrx_word' id='word_1_323' title='bbox 1551 4254 1682 4322; x_wconf 57' lang='lat' dir='ltr'><strong>lihenter,</strong></span> <span class='ocrx_word' id='word_1_324' title='bbox 1695 4255 1860 4340; x_wconf 87' lang='lat' dir='ltr'><strong>Philippum</strong></span> 
     </span>
     <span class='ocr_line' id='line_1_32' title="bbox 286 4355 791 4441; baseline -0.002 -24"><span class='ocrx_word' id='word_1_325' title='bbox 286 4355 390 4441; x_wconf 74' lang='lat' dir='ltr'><strong>legisse</strong></span> <span class='ocrx_word' id='word_1_326' title='bbox 411 4367 533 4418; x_wconf 80' lang='lat' dir='ltr'><strong>eumue</strong></span> <span class='ocrx_word' id='word_1_327' title='bbox 789 4357 791 4361; x_wconf 79' lang='grc'>’</span> 
     </span>
    </p>
   </div>
   <div class='ocr_carea' id='block_1_5' title="bbox 282 4464 1860 4955">
    <p class='ocr_par' dir='ltr' id='par_1_6' title="bbox 282 4464 1860 4955">
     <span class='ocr_line' id='line_1_33' title="bbox 326 4464 1860 4561; baseline 0.005 -27"><span class='ocrx_word' id='word_1_328' title='bbox 326 4470 398 4552; x_wconf 78' lang='lat'>(¹⁸⁰)</span> <span class='ocrx_word' id='word_1_329' title='bbox 428 4473 495 4535; x_wconf 83' lang='lat' dir='ltr'><strong>vide</strong></span> <span class='ocrx_word' id='word_1_330' title='bbox 515 4471 587 4535; x_wconf 72' lang='lat' dir='ltr'><strong>hese</strong></span> <span class='ocrx_word' id='word_1_331' title='bbox 606 4491 653 4556; x_wconf 81' lang='lat' dir='ltr'><strong>sp.</strong></span> <span class='ocrx_word' id='word_1_332' title='bbox 672 4471 780 4535; x_wconf 80' lang='lat' dir='ltr'><strong>Aesob.</strong></span> <span class='ocrx_word' id='word_1_333' title='bbox 808 4464 869 4559; x_wconf 75' lang='lat' dir='ltr'><strong>trapi</strong></span> <span class='ocrx_word' id='word_1_334' title='bbox 889 4468 997 4561; x_wconf 69' lang='lat' dir='ltr'><strong>tepeass.</strong></span> <span class='ocrx_word' id='word_1_335' title='bbox 1024 4475 1100 4558; x_wconf 72' lang='lat' dir='ltr'><strong>pta</strong></span> <span class='ocrx_word' id='word_1_336' title='bbox 1121 4487 1152 4538; x_wconf 91' lang='lat' dir='ltr'><strong>et</strong></span> <span class='ocrx_word' id='word_1_337' title='bbox 1171 4473 1257 4557; x_wconf 69' lang='lat' dir='ltr'><strong>pse.</strong></span> <span class='ocrx_word' id='word_1_338' title='bbox 1292 4474 1505 4539; x_wconf 83' lang='lat' dir='ltr'><strong>Desnostheues</strong></span> <span class='ocrx_word' id='word_1_339' title='bbox 1531 4475 1567 4537; x_wconf 89' lang='lat' dir='ltr'><strong>de</strong></span> <span class='ocrx_word' id='word_1_340' title='bbox 1594 4475 1637 4538; x_wconf 89' lang='lat' dir='ltr'><strong>his</strong></span> <span class='ocrx_word' id='word_1_341' title='bbox 1651 4479 1743 4540; x_wconf 83' lang='lat' dir='ltr'><strong>‚nullo</strong></span> <span class='ocrx_word' id='word_1_342' title='bbox 1769 4476 1860 4541; x_wconf 74' lang='lat' dir='ltr'><strong>sethe</strong></span> 
     </span>
     <span class='ocr_line' id='line_1_34' title="bbox 283 4572 1860 4659; baseline 0.003 -27"><span class='ocrx_word' id='word_1_343' title='bbox 283 4572 375 4648; x_wconf 77' lang='lat' dir='ltr'><strong>dicit,</strong></span> <span class='ocrx_word' id='word_1_344' title='bbox 400 4590 496 4653; x_wconf 84' lang='lat' dir='ltr'><strong>neque</strong></span> <span class='ocrx_word' id='word_1_345' title='bbox 516 4572 554 4637; x_wconf 90' lang='lat' dir='ltr'><strong>de</strong></span> <span class='ocrx_word' id='word_1_346' title='bbox 574 4573 621 4650; x_wconf 84' lang='lat' dir='ltr'><strong>iis,</strong></span> <span class='ocrx_word' id='word_1_347' title='bbox 645 4592 720 4655; x_wconf 72' lang='lat' dir='ltr'><strong>quse</strong></span> <span class='ocrx_word' id='word_1_348' title='bbox 741 4573 853 4637; x_wconf 77' lang='lat' dir='ltr'><strong>loeutus</strong></span> <span class='ocrx_word' id='word_1_349' title='bbox 873 4586 919 4638; x_wconf 86' lang='lat' dir='ltr'><strong>est</strong></span> <span class='ocrx_word' id='word_1_350' title='bbox 938 4587 1005 4638; x_wconf 83' lang='lat' dir='ltr'><strong>snte</strong></span> <span class='ocrx_word' id='word_1_351' title='bbox 1025 4575 1193 4659; x_wconf 76' lang='lat' dir='ltr'><strong>Philippum</strong></span> <span class='ocrx_word' id='word_1_352' title='bbox 1213 4596 1343 4658; x_wconf 84' lang='lat' dir='ltr'><strong>quaeque</strong></span> <span class='ocrx_word' id='word_1_353' title='bbox 1363 4575 1485 4659; x_wconf 79' lang='lat' dir='ltr'><strong>legimus</strong></span> <span class='ocrx_word' id='word_1_354' title='bbox 1506 4597 1551 4659; x_wconf 87' lang='lat' dir='ltr'><strong>sp.</strong></span> <span class='ocrx_word' id='word_1_355' title='bbox 1572 4577 1678 4640; x_wconf 84' lang='lat' dir='ltr'><strong>Aesch.</strong></span> <span class='ocrx_word' id='word_1_356' title='bbox 1700 4578 1719 4638; x_wconf 94' lang='lat' dir='ltr'><strong>l.</strong></span> <span class='ocrx_word' id='word_1_357' title='bbox 1731 4577 1750 4639; x_wconf 82' lang='lat' dir='ltr'><strong>i&#39;.</strong></span> <span class='ocrx_word' id='word_1_358' title='bbox 1785 4576 1860 4637; x_wconf 81' lang='lat' dir='ltr'><strong>Nui-</strong></span> 
     </span>
     <span class='ocr_line' id='line_1_35' title="bbox 282 4670 1860 4760; baseline 0.003 -28"><span class='ocrx_word' id='word_1_359' title='bbox 282 4670 339 4733; x_wconf 84' lang='lat' dir='ltr'><strong>lius</strong></span> <span class='ocrx_word' id='word_1_360' title='bbox 365 4672 410 4733; x_wconf 90' lang='lat' dir='ltr'><strong>rei</strong></span> <span class='ocrx_word' id='word_1_361' title='bbox 436 4674 616 4738; x_wconf 74' lang='lat' dir='ltr'><strong>nestiose-</strong></span> <span class='ocrx_word' id='word_1_362' title='bbox 641 4672 722 4752; x_wconf 69' lang='lat' dir='ltr'><strong>iacit,</strong></span> <span class='ocrx_word' id='word_1_363' title='bbox 744 4674 800 4737; x_wconf 88' lang='lat' dir='ltr'><strong>nisi</strong></span> <span class='ocrx_word' id='word_1_364' title='bbox 825 4675 906 4756; x_wconf 89' lang='lat' dir='ltr'><strong>quod</strong></span> <span class='ocrx_word' id='word_1_365' title='bbox 931 4677 1038 4739; x_wconf 88' lang='lat' dir='ltr'><strong>iterum</strong></span> <span class='ocrx_word' id='word_1_366' title='bbox 1064 4677 1225 4757; x_wconf 74' lang='lat' dir='ltr'><strong>itemque</strong></span> <span class='ocrx_word' id='word_1_367' title='bbox 1252 4678 1376 4760; x_wconf 85' lang='lat' dir='ltr'><strong>repetit,</strong></span> <span class='ocrx_word' id='word_1_368' title='bbox 1400 4697 1432 4740; x_wconf 88' lang='lat' dir='ltr'><strong>se</strong></span> <span class='ocrx_word' id='word_1_369' title='bbox 1458 4677 1603 4742; x_wconf 68' lang='lat' dir='ltr'><strong>studuisse⁴</strong></span> <span class='ocrx_word' id='word_1_370' title='bbox 1626 4677 1735 4740; x_wconf 80' lang='lat' dir='ltr'><strong>civibus</strong></span> <span class='ocrx_word' id='word_1_371' title='bbox 1755 4699 1792 4741; x_wconf 82' lang='lat' dir='ltr'><strong>ex</strong></span> <span class='ocrx_word' id='word_1_372' title='bbox 1812 4697 1860 4739; x_wconf 85' lang='lat' dir='ltr'><strong>es-</strong></span> 
     </span>
     <span class='ocr_line' id='line_1_36' title="bbox 284 4770 1859 4865; baseline 0.001 -32"><span class='ocrx_word' id='word_1_373' title='bbox 284 4770 416 4852; x_wconf 79' lang='lat' dir='ltr'><strong>ptititste</strong></span> <span class='ocrx_word' id='word_1_374' title='bbox 436 4771 605 4852; x_wconf 76' lang='lat' dir='ltr'><strong>liherudis,</strong></span> <span class='ocrx_word' id='word_1_375' title='bbox 624 4775 786 4859; x_wconf 82' lang='lat' dir='ltr'><strong>multosque</strong></span> <span class='ocrx_word' id='word_1_376' title='bbox 806 4774 912 4840; x_wconf 79' lang='lat' dir='ltr'><strong>hoium</strong></span> <span class='ocrx_word' id='word_1_377' title='bbox 932 4777 970 4840; x_wconf 89' lang='lat' dir='ltr'><strong>de</strong></span> <span class='ocrx_word' id='word_1_378' title='bbox 990 4799 1044 4841; x_wconf 89' lang='lat' dir='ltr'><strong>suo</strong></span> <span class='ocrx_word' id='word_1_379' title='bbox 1065 4777 1231 4842; x_wconf 83' lang='lat' dir='ltr'><strong>redemisse.</strong></span> <span class='ocrx_word' id='word_1_380' title='bbox 1260 4777 1327 4839; x_wconf 83' lang='lat' dir='ltr'><strong>vide</strong></span> <span class='ocrx_word' id='word_1_381' title='bbox 1348 4797 1413 4839; x_wconf 90' lang='lat' dir='ltr'><strong>eum</strong></span> <span class='ocrx_word' id='word_1_382' title='bbox 1434 4801 1464 4838; x_wconf 83' lang='grc' dir='ltr'><strong>π.</strong></span> <span class='ocrx_word' id='word_1_383' title='bbox 1485 4802 1610 4865; x_wconf 74' lang='grc' dir='ltr'><strong>παραπρ.</strong></span> <span class='ocrx_word' id='word_1_384' title='bbox 1631 4777 1728 4859; x_wconf 69' lang='lat' dir='ltr'><strong>past</strong></span> <span class='ocrx_word' id='word_1_385' title='bbox 1742 4800 1785 4859; x_wconf 86' lang='lat' dir='ltr'><strong>sq.</strong></span> <span class='ocrx_word' id='word_1_386' title='bbox 1807 4778 1859 4840; x_wconf 85' lang='lat' dir='ltr'><strong>cir.</strong></span> 
     </span>
     <span class='ocr_line' id='line_1_37' title="bbox 286 4870 693 4955; baseline 0.012 -24"><span class='ocrx_word' id='word_1_387' title='bbox 286 4891 329 4931; x_wconf 93' lang='lat' dir='ltr'><strong>or.</strong></span> <span class='ocrx_word' id='word_1_388' title='bbox 352 4870 388 4933; x_wconf 87' lang='lat' dir='ltr'><strong>de</strong></span> <span class='ocrx_word' id='word_1_389' title='bbox 408 4870 535 4933; x_wconf 76' lang='lat' dir='ltr'><strong>Pleionn.</strong></span> <span class='ocrx_word' id='word_1_390' title='bbox 557 4874 635 4955; x_wconf 71' lang='lat' dir='ltr'><strong>pso</strong></span> <span class='ocrx_word' id='word_1_391' title='bbox 645 4875 693 4938; x_wconf 81' lang='lat' dir='ltr'><strong>fin.</strong></span> 
     </span>
    </p>
   </div>
   <div class='ocr_carea' id='block_1_6' title="bbox 0 0 2329 5940">
    <p class='ocr_par' dir='ltr' id='par_1_7' title="bbox 0 0 2329 5940">
     <span class='ocr_line' id='line_1_38' title="bbox 0 0 2329 5940; baseline 0 0"><span class='ocrx_word' id='word_1_392' title='bbox 0 0 2329 5940; x_wconf 95' lang='lat' dir='ltr'><strong> </strong></span> 
     </span>
    </p>
   </div>
  </div>
 </body>
</html>
