4636 5940
1081 417 1136 505 ld

458 615 551 690 Tres
575 626 718 690 tantum
743 611 927 685 orationes
947 605 1139 686 Aeschinis
1164 611 1316 712 scriptas
1340 607 1532 703 habemus,
1562 613 1727 714 quamvis
1750 615 1895 716 saepius

286 789 291 801 ι
318 744 494 835 oraverit3
528 757 693 843 quartam
720 739 818 813 enim
845 739 1051 812 orationem
1075 732 1122 811 de
1148 761 1255 811 causa
1280 735 1433 812 Deliaca
1457 740 1620 840 spuriam
1644 738 1775 831 fuisse,

316 887 457 946 veteres
489 873 562 943 iam
588 882 705 969 ¹testes
737 879 823 939 sunt
853 879 934 939 tum
971 865 1069 937 inter
1104 864 1327 939 recentiores
1364 865 1535 966 probavit
1565 763 1897 964 BocchhinsU

316 996 466 1073 Praeter
489 1011 563 1070 tres
589 992 671 1068 illas
697 992 923 1068 arcteribus
943 1013 1077 1066 novem
1098 989 1278 1092 epistolae
1303 990 1519 1093 legebantur
1538 993 1623 1090 (⁴⁸),
1652 991 1739 1068 illae
1758 991 1897 1069 Gratiis

314 1123 385 1197 hae
403 1122 518 1196 Musis
544 1121 864 1223 comparabantur.
901 1114 1065 1220 Spurius,
1096 1141 1191 1220 quae
1216 1116 1330 1193 hodie
1354 1134 1563 1220 supersunt,
1592 1115 1791 1196 duodecim
1815 1142 1895 1195 esse

315 1249 427 1352 plane
446 1245 708 1322 demonstravit
721 1226 903 1350 Taylorus
920 1248 961 1319 in
980 1240 1142 1319 editione
1155 1269 1220 1319 sua
1234 1260 1271 1320 et
1283 1243 1491 1321 Boeclhius
1504 1242 1550 1320 ad
1564 1242 1673 1323 Pind.
1688 1245 1740 1321 11.
1753 1244 1893 1322 rolli.

316 1402 356 1478 p.
372 1377 417 1449 18
431 1400 516 1476 sqq.
550 1372 711 1448 Virtutes
732 1374 867 1474 ingenii
886 1374 1055 1465 oratoria,
1084 1373 1192 1473 copia
1213 1387 1251 1448 et
1271 1371 1493 1474 explanatio,
1508 1371 1737 1449 vehementis
1756 1388 1794 1449 et
1813 1396 1894 1448 sua·

316 1505 419 1591 vitas,
442 1502 652 1602 inopinatae
674 1516 712 1575 et
730 1498 855 1574 faciles
875 1501 1137 1574 sententiarum
1157 1497 1469 1574 conformationes
1490 1515 1528 1574 et
1547 1515 1696 1575 externa
1712 1498 1777 1575 ills
1794 1522 1896 1575 nom·

316 1626 441 1718 moda,
470 1627 565 1701 clara
591 1624 785 1729 dtdcisque
808 1651 882 1701 vox
903 1641 941 1701 et
959 1628 1114 1717 sonitus,
1143 1628 1239 1700 actio
1260 1625 1370 1730 plena
1391 1627 1516 1717 animi,
1545 1629 1585 1700 in
1604 1625 1788 1702 Aeschine
1807 1650 1897 1702 con·

316 1759 440 1829 iuncta
462 1755 715 1855 reperiuntur,
744 1757 895 1856 insuper
919 1777 1032 1854 genus
1056 1754 1234 1829 acuminis
1252 1750 1540 1845 stomachosum,
1569 1752 1722 1828 facilitas
1741 1769 1784 1829 et
1800 1769 1897 1829 astu·

316 1886 366 1957 tia
387 1884 425 1954 in
446 1906 552 1955 snum
571 1877 809 1955 commodum
828 1877 1068 1954 convertendi
1086 1895 1310 1982 arguments,
1335 1905 1408 1983 qua
1425 1895 1548 1954 tamen
1566 1878 1738 1955 facultate
1755 1878 1917 1955 Demo·‘

316 2005 463 2082 sthenes
488 2021 592 2081 tanto
619 2007 731 2108 magis
757 2003 959 2109 praelucet,
989 2021 1129 2106 quanto
1154 2005 1310 2082 inferior
1333 2005 1535 2082 Aeschines
1560 2003 1627 2081 illo
1653 2007 1791 2082 mstidt
1814 2030 1897 2081 ora·

316 2148 388 2208 tor.
431 2131 643 2208 Secundum
667 2148 755 2236 post
778 2129 1069 2206 Demosthenem
1095 2131 1221 2208 locum
1245 2149 1371 2209 tenere
1397 2131 1620 2210 Aeschinem
1643 2147 1788 2210 constat
1808 2135 1895 2232 (⁴⁹),

317 2285 359 2335 ac
379 2285 468 2362 prae
490 2259 661 2334 omnihus
682 2257 860 2334 idoneum
879 2257 1004 2350 fuisse,
1033 2284 1144 2362 quem
1164 2259 1436 2337 Demosthenes
1455 2285 1542 2337 rere
1564 2276 1757 2338 metueret.
1792 2256 1899 2356 Quae

317 2384 467 2488 quidem
484 2389 637 2461 virtutes
654 2388 723 2485 (⁵⁰)
743 2412 858 2490 quum
878 2387 979 2461 bona
997 2384 1124 2462 indole
1143 2389 1375 2491 potissimum
1393 2391 1427 2463 ei
1444 2391 1694 2493 contigissent,
1714 2393 1900 2464 orationes

317 2522 394 2587 eius
420 2537 497 2585 non
523 2512 659 2585 hahent
687 2511 792 2586 multi
818 2511 957 2585 laboris
983 2517 1157 2612 speciem,
1188 2514 1252 2587 sed
1278 2530 1467 2615 tamquam
1493 2540 1538 2588 ex
1560 2517 1673 2586 animi
1694 2513 1897 2589 inflamma·

315 2643 417 2713 tione
446 2640 662 2736 impetuque
694 2633 818 2709 divino
849 2632 1029 2737 prodiisse
1053 2632 1292 2726 videbantur3
1328 2652 1365 2709 et
1391 2635 1464 2708 hoc
1488 2651 1543 2708 est
1569 2635 1672 2735 quod
1700 2636 1899 2711 Aeschines

317 2789 336 2835 a
372 2761 556 2835 veteribus
593 2760 832 2859 scriptoribus
869 2756 1053 2833 diceretur
1087 2761 1136 2850 is,
1179 2783 1199 2830 a
1236 2783 1313 2861 quo
1350 2755 1530 2834 dictiones
1566 2759 1707 2835 subitae
1740 2763 1897 2864 incepis-

357 2951 415 3032 (⁴⁷)
446 2952 543 3013 Locos
564 2963 695 3013 veterum
716 2970 771 3011 scr.
794 2949 896 3011 citatos
922 2947 1052 3011 invenies
1072 2969 1118 3031 ap.
1139 2949 1268 3012 Boeckh.
1289 2950 1321 3012 in
1342 2950 1534 3034 explicatione
1556 2952 1671 3016 docum
1692 2953 1755 3017 Ast
1775 2953 1814 3019 de
1834 2954 1897 3019 reb.

316 3077 387 3118 sacr.
407 3052 508 3138 Apoll.
528 3051 598 3115 Deli
618 3051 672 3113 ins.
694 3050 785 3130 (Ann.
799 3049 938 3113 Academ.
952 3050 1053 3112 Bernl.
1075 3070 1100 3111 s.
1112 3049 1219 3131 1834).

357 3170 414 3253 (⁴⁸)
445 3170 531 3233 Phot.
553 3170 620 3234 cod.
632 3169 681 3233 61.
703 3170 770 3234 cod.
785 3168 856 3234 264.
877 3167 1015 3232 Philostr.
1037 3167 1068 3231 in
1089 3171 1140 3233 rit
1161 3167 1267 3233 Aesch.
1288 3169 1341 3232 tv.
1364 3171 1410 3234 ed.
1431 3170 1551 3254 Kayser.
1573 3166 1776 3240 metente
1796 3166 1828 3236 di
1848 3202 1898 3249 με-

317 3266 382 3333 rrcsi
401 3264 449 3333 uni
470 3263 573 3346 ἤθους.
1431 3320 1439 3334 .

357 3389 415 3468 (⁴⁹)
448 3387 512 3451 Cic.
534 3391 615 3450 Brut
635 3390 664 3449 9.
687 3387 769 3450 Orat
785 3389 815 3450 9.
836 3387 960 3471 Dionys.
983 3388 1020 3450 de
1041 3389 1143 3451 admir.
1164 3389 1193 3449 vi
1215 3388 1272 3450 dic.
1295 3388 1325 3449 in
1345 3389 1432 3450 Deru.
1446 3388 1488 3451 35
1509 3392 1553 3472 (p.
1561 3392 1643 3453 1063
1653 3393 1707 3474 R.)
1727 3425 1769 3442 -
1789 3390 1899 3477 Αἰσχί-

316 3515 363 3560 νης
384 3489 397 3549 ὅ
418 3482 520 3574 ῥήτωρ,
541 3484 607 3573 ἀνὴρ
628 3481 810 3574 λαμπροτάτῃ
833 3481 920 3566 φύσει
940 3481 1001 3576 nspl
1022 3483 1129 3570 λέγους
1149 3480 1344 3575 χρησάμενος·
1365 3478 1397 3553 ic
1417 3485 1449 3549 οὖ
1470 3485 1544 3548 πολι)
1565 3482 1602 3549 ἂν
1615 3483 1740 3570 cirrisque
1753 3486 1898 3556 demissis

315 3582 411 3650 ἄλλων
431 3582 558 3673 (insipere,
577 3579 626 3648 stul
646 3583 719 3660 μετὰ
738 3577 924 3662 Δημοσθῖνην
943 3585 1062 3663 pandenda
1082 3583 1210 3676 δεύτερος
1229 3584 1433 3674 &pabtuto-&nc
1781 3572 1784 3577 ¹
1812 3632 1814 3637 -

357 3705 414 3786 (⁶⁰)
448 3704 519 3768 Chr.
534 3708 583 3770 Fr.
598 3706 736 3770 Matthaei
755 3706 885 3788 (libellus
898 3707 1090 3772 Academicus
1105 3708 1142 3770 de
1156 3706 1302 3771 Aeschine
1317 3719 1436 3770 oratore
1449 3728 1496 3792 ap.
1510 3708 1763 3788 iteum-virute
1775 3707 1898 3774 Aeschi-

316 3810 360 3870 nis
387 3808 528 3870 nratorias
554 3809 680 3897 singulas
705 3822 899 3892 perscrutatas
926 3809 1121 3893 exemplisque
1147 3809 1299 3872 comitante
1324 3809 1356 3869 in
1375 3830 1464 3869 unum
1484 3808 1599 3894 colligit
1619 3819 1650 3871 et
1671 3808 1827 3896 imaginem
1847 3832 1896 3874 ex-

316 3908 418 3990 primit
438 3906 621 3989 eloquentiae
643 3910 704 3972 eius
726 3910 814 3974 hanc:
841 3910 1039 3993 „Perspicnus
1060 3908 1150 3994 igitur
1171 3921 1202 3971 et
1222 3907 1359 3971 facilitate
1381 3907 1637 3991 concipiendamm
1658 3910 1814 3996 imaginum
1836 3913 1898 3973 evi·

317 4009 398 4082 dens,
419 4007 568 4068 sententiis
590 4019 621 4069 et
640 4009 799 4072 verborum
819 4010 952 4094 pondere
972 4007 1111 4087 sublimis,
1132 4009 1238 4095 gravis
1259 4006 1391 4085 acerbus,
1411 4008 1577 4086 vehemens,
1597 4010 1737 4072 verteme
1751 4011 1898 4094 copiosus,

318 4118 445 4182 ornatus,
470 4106 610 4169 tenuitate
631 4107 762 4191 simplex,
790 4111 930 4173 orationis
952 4106 1105 4172 festivitate
1127 4108 1247 4187 facetus,
1275 4105 1424 4188 iucundus,
1452 4110 1666 4193 compositione
1687 4108 1772 4189 lenis,
1797 4111 1898 4197 figuris

316 4209 420 4283 varius,
446 4207 652 4269 sententiarum
677 4208 806 4272 novitate
833 4210 933 4286 audax,
959 4211 991 4272 in
1017 4210 1193 4273 inveniendo
1220 4208 1362 4292 locuples,
1389 4208 1420 4270 in
1446 4211 1563 4273 delectu
1584 4222 1614 4271 et
1635 4208 1740 4273 ordine
1760 4213 1899 4297 prudens,

317 4331 413 4372 rerunt
434 4330 486 4369 mu
507 4306 642 4384 callidus,
667 4307 796 4371 moribus
817 4310 950 4374 notandis
972 4306 1146 4393 probabilis,
1174 4311 1204 4373 vi
1225 4322 1256 4373 et
1276 4309 1362 4392 copia
1384 4323 1619 4396 argumentorum
1640 4323 1671 4373 et
1690 4308 1841 4377 aflectibus
1862 4313 1898 4374 ad

317 4405 544 4473 commovendos
567 4407 717 4472 hominum
743 4409 854 4473 animos
881 4411 1035 4475 instructus
1063 4423 1093 4473 et
1112 4410 1256 4493 paratus.”
1282 4410 1350 4474 vide
1370 4411 1495 4494 Dionys.
1517 4411 1554 4474 de
1575 4423 1632 4474 vet.
1655 4412 1754 4496 script.
1777 4431 1898 4477 censura

317 4511 381 4570 tte
404 4510 446 4592 (p.
454 4507 524 4572 434.
535 4508 596 4589 ll.):
623 4507 659 4569 ‘0
681 4505 709 4570 δ’
732 4511 826 4592 stag.
846 4507 1014 4598 ἀτονώτερος
1033 4501 1083 4583 μὲν
1102 4514 1156 4572 τοῦ
1174 4518 1256 4586 dap„
1276 4510 1305 4572 ἰν
1326 4502 1358 4572 δὲ
1378 4515 1415 4592 τῇ
1433 4514 1488 4571 scir
1508 4504 1614 4596 λε’ξεων
1635 4512 1742 4595 ἐκλογῇ
1759 4509 1899 4586 πομπικὸς

317 4601 379 4676 ἅμα
403 4603 451 4668 uni
478 4602 577 4674 dssvn'c·
602 4603 651 4671 uel
678 4609 710 4673 ου’
736 4604 811 4671 πάνυ
838 4602 887 4684 μὶν
913 4605 1058 4693 ἔντεχνος,
1084 4616 1121 4694 τῇ
1141 4602 1172 4673 δὲ
1192 4609 1270 4700 stapsi
1290 4615 1342 4686 τῆς
1361 4605 1479 4690 pintus
1499 4607 1634 4700 ιῦχιρεῖᾳ
1654 4606 1898 4700 κιχορηγημῖνος·

317 4699 365 4764 unci
391 4699 506 4792 σφόδρα
533 4708 653 4798 ἐναργὴς
678 4703 727 4773 usti
752 4705 859 4800 Raptis,
885 4704 933 4773 urei
960 4709 1115 4798 αὐξητικός
1138 4704 1187 4774 nol
1213 4705 1325 4801 ermpo'c·
1350 4705 1399 4773 seul
1425 4709 1496 4786 ἦδῦς
1522 4705 1571 4785 μὲν
1591 4708 1720 4776 αὔτόθον
1739 4707 1898 4796 ὒντνχόντι,

318 4800 444 4891 σφοδρὸς
464 4798 496 4867 δὲ
516 4806 699 4893 ἐξετασθείς.
728 4810 763 4875 ln
784 4810 912 4877 eiusdem
933 4812 970 4875 de
991 4827 1102 4877 ornos.
1117 4813 1205 4898 antiq.
1220 4813 1271 4877 lih.
1287 4814 1368 4879 locus
1388 4813 1524 4898 princeps
1545 4816 1583 4879 dc
1596 4812 1743 4879 Aeschine
1761 4834 1823 4878 non
1842 4816 1898 4876 iant

318 4918 416 4970 exstat
437 4905 496 4970 rit.
517 4908 665 4991 past&
687 4935 717 4996 p.
725 4914 834 4979 6295·
854 4913 909 4978 cfr.
930 4912 1017 4979 Phot.
1038 4913 1107 4978 cod.
1118 4913 1168 4979 61.
1190 4927 1246 4981 cet
