4636 5940
1025 377 1078 467 71

261 577 407 681 lippum
431 599 563 684 pacem
585 575 738 675 rupisse,
769 571 863 646 male
888 571 1115 675 reipublicae
1140 571 1337 674 providere
1363 597 1428 685 eps
1453 580 1564 668 cives,
1595 580 1659 678 qui
1678 581 1843 679 priorem

261 704 298 779 id
321 703 448 779 iecisse
468 699 686 804 Diopithem
707 699 965 802 populumque
985 698 1267 774 Atheniensium
1289 719 1493 804 arguerent.
1528 705 1620 778 Mox
1640 703 1843 780 Athenien·

261 856 318 907 ses
345 857 428 908 cum
452 828 732 903 Euboeensibus
759 824 891 902 foedus
918 843 1045 902 contra
1068 824 1286 930 Philippum
1300 833 1404 916 inire
1431 829 1550 905 moliti
1575 847 1672 906 sunt.
1709 830 1842 909 Clitar·

260 958 364 1051 chus,
396 959 458 1060 qui
482 956 759 1045 Eretriensium,
789 971 826 1029 et
847 952 1072 1047 Philistides,
1102 958 1167 1057 qui
1187 953 1374 1031 Oritanum
1400 957 1626 1060 reipublicae
1650 972 1844 1060 praeerant

259 1081 424 1187 Philippi
451 1107 564 1185 opera
590 1085 758 1172 instituti,
789 1080 927 1183 legatos
954 1085 1132 1156 miserunt
1151 1081 1330 1175 Athenas,
1360 1110 1454 1186 quos
1481 1084 1712 1187 hospitaliter
1737 1109 1840 1160 ence-

153 1182 165 1198 ⁰
259 1216 356 1315 pisse
379 1209 601 1286 Aeschinem
628 1224 774 1283 accusat
796 1207 1068 1283 Demosthenes
1095 1206 1141 1282 de
1165 1234 1243 1282 cor.
1265 1209 1471 1311 pemati.
1514 1210 1656 1286 Tamen
1678 1211 1748 1285 hos
1771 1236 1840 1313 po·

259 1338 369 1442 pulus
393 1336 674 1413 Atheniensium
700 1334 920 1438 repudiavit,
951 1332 1053 1437 quod
1078 1338 1224 1427 iniusta,
1260 1339 1311 1410 ait
1334 1336 1620 1428 Demosthenes,
1649 1341 1841 1440 poposcis·

260 1480 354 1538 sent.
404 1462 540 1541 Callias
573 1489 661 1539 vero
696 1459 882 1540 Chalcidis
917 1466 1089 1564 princeps
1124 1466 1350 1564 magistratus
1383 1461 1558 1539 destituto
1591 1462 1769 1566 Philippo
1803 1467 1842 1536 in

259 1589 540 1666 Atheniensium
566 1589 657 1665 olim
681 1591 752 1664 sibi
770 1587 999 1664 infensorum
1021 1592 1171 1691 gratiam
1191 1604 1375 1691 receptus,
1404 1607 1622 1665 cunctorum
1642 1590 1840 1665 Euboeen-

261 1721 353 1790 sium
367 1734 405 1792 et
416 1715 770 1819 Peloponnesiarum
785 1715 928 1817 aliquot
940 1719 1127 1792 civitatum
1146 1719 1310 1791 societati
1329 1716 1500 1792 adversus
1521 1714 1738 1819 Philippum
1752 1740 1840 1790 con·

260 1841 460 1918 trahendae
487 1869 599 1946 opera
625 1859 754 1919 navata
780 1840 1073 1917 Demosthenem
1099 1857 1218 1918 totum
1244 1868 1311 1918 suo
1339 1843 1495 1919 consilio
1523 1846 1634 1946 cepit,
1672 1846 1736 1945 qui
1760 1844 1840 1945 ipse

260 1997 345 2045 eum
357 1970 512 2047 Athenis
530 1987 696 2047 orantem
714 1967 910 2045 adiuvabat
921 1968 1084 2045 referens
1098 1994 1142 2043 ex
1155 1968 1337 2072 legatione
1350 1997 1428 2063 sua,
1446 1996 1544 2045 anno
1559 1968 1788 2045 antecedenti
1801 1971 1839 2048 in

258 2096 561 2201 Peloponnesum
586 2113 624 2173 ct
642 2097 882 2172 Acarnaniam
903 2112 1083 2199 suscepta,
1114 2121 1279 2198 magnam
1298 2101 1373 2174 vim
1395 2102 1574 2201 pecuniae
1596 2120 1840 2199 magnumque
1913 2110 1915 2114 ‘

259 2225 430 2315 militum,
451 2226 519 2326 qui
539 2221 651 2298 duces
669 2222 949 2297 Atheniensium
970 2239 1224 2325 sequerentur,
1248 2250 1442 2298 numerum
1461 2224 1624 2298 Athenas
1646 2240 1841 2298 venturum

259 2374 351 2442 esse,
371 2349 516 2450 aliaque
535 2346 686 2440 addens,
711 2373 805 2450 quae
825 2347 923 2452 apud
937 2348 1158 2424 Aeschinem
1173 2365 1258 2424 sunt
1270 2348 1371 2448 (2⁴⁹).
1400 2347 1518 2423 Multa
1535 2364 1684 2423 auctore
1697 2348 1838 2422 Demo-

260 2476 388 2552 sthene
415 2473 557 2550 Calliae
583 2492 668 2550 sunt
693 2501 883 2551 concessas
911 2491 954 2550 ut
979 2477 1114 2551 tributa
1139 2501 1257 2578 usque
1285 2499 1331 2550 eo
1356 2474 1519 2550 Athenas
1544 2474 1617 2549 lata
1643 2472 1728 2548 inde
1755 2452 1873 2548 huic·

259 2603 501 2693 solverentur,
536 2618 577 2675 ut
603 2599 878 2693 Chalcidenses,
915 2627 1029 2702 quum
1060 2599 1251 2702 hucusque
1277 2599 1438 2704 synedrii
1462 2600 1619 2675 Athenis
1644 2603 1841 2703 participes

258 2729 424 2817 fuissent,
459 2751 566 2801 suum
596 2725 776 2801 haberent
807 2723 920 2800 domi.
963 2725 1060 2800 Vera
1086 2724 1176 2800 haec
1202 2751 1293 2819 esse,
1331 2725 1485 2802 decretis
1511 2726 1615 2801 lectis
1640 2727 1840 2801 Aeschines

257 2856 394 2960 probat
408 2855 508 2953 (²⁵⁰).
549 2850 681 2954 Neque
708 2869 832 2927 tamen
857 2850 950 2928 adeo
978 2852 1092 2927 multa
1118 2851 1204 2927 inde
1231 2850 1276 2927 ad
1297 2852 1542 2928 Athenienses
1567 2853 1734 2955 proiecta
1762 2877 1840 2928 esse

258 2980 429 3058 videntur
454 2977 662 3071 commoda,
697 3006 781 3053 cum
806 2979 1091 3070 Demosthenes,
1127 2980 1192 3053 ubi
1219 2978 1369 3082 quidem
1395 2980 1549 3055 Euboea
1576 3006 1596 3053 a
1623 3005 1661 3054 se
1688 2979 1842 3054 liberata

258 3109 446 3212 gloriatur,
467 3106 576 3181 huius
596 3133 679 3178 cum
693 3104 811 3177 Callia
830 3104 916 3176 facti
937 3103 1080 3176 consilii
1099 3106 1326 3177 mentionem
1344 3102 1466 3179 facere
1482 3101 1728 3205 supersederit
1742 3106 1840 3202 (²⁵¹).

259 3235 398 3310 Verum
422 3229 521 3306 haud
548 3229 666 3303 multo
693 3243 779 3330 post
807 3223 974 3301 Phocion
1001 3253 1085 3301 cum
1111 3231 1273 3302 exercitu
1300 3245 1428 3303 contra
1450 3227 1678 3304 Clitarchum
1700 3231 1838 3304 Eretri-

263 3385 386 3436 ensem
412 3376 607 3462 tyrannum
634 3353 905 3457 expeditionem
926 3354 1014 3428 iecit
1034 3369 1117 3428 ante
1137 3352 1353 3458 Byzantium
1373 3356 1514 3431 bellum
1533 3358 1632 3456 (²⁵²),
1663 3382 1749 3458 ergo
1772 3360 1840 3430 ini·

261 3639 345 3719 cipue
367 3634 479 3697 collatis
500 3633 572 3696 locis
593 3654 683 3713 usque
705 3653 741 3694 eo
763 3631 904 3716 neglectis
924 3633 1059 3694 Frontini
1080 3633 1150 3711 1.3,
1163 3634 1199 3709 43
1224 3634 1311 3710 114,
1325 3635 1355 3696 3.
1390 3633 1578 3718 Theopompi
1600 3655 1645 3717 ap.
1660 3634 1766 3699 Athen.
1786 3636 1838 3697 lV.

217 3814 223 3826 .
262 3763 289 3821 p.
301 3737 377 3812 166,
398 3749 429 3797 et
449 3755 494 3817 ap.
516 3732 693 3814 Stephanum
709 3731 779 3815 Byr.
800 3755 827 3792 r.
847 3729 940 3820 Καρὸς
958 3737 1057 3810 κῆποι,
1078 3734 1217 3814 aliorum,
1237 3735 1364 3818 indeque
1385 3734 1472 3797 alium
1493 3746 1579 3817 atque
1600 3733 1746 3817 hueusque
1768 3736 1838 3798 soli-

260 3853 320 3901 tum
342 3857 439 3899 rerum
460 3834 594 3897 ordinem
616 3833 760 3915 praetulit

302 3974 372 4054 (Μ)
404 3975 434 4034 ῖῃ
455 3968 586 4052 etesi1²¹¹·
607 3970 684 4052 P·⁶⁶
699 3983 730 4032 0¹
743 3967 796 4043 ⁶73
826 3971 911 4032 etiam
938 3983 1035 4033 certos
1062 3992 1198 4034 numeros
1225 3971 1319 4033 affert
1350 3971 1399 4034 De
1419 3971 1508 4033 rebus
1529 3972 1572 4034 bis
1593 3973 1732 4035 Euboicis
1754 3974 1838 4054 quid-

261 4075 330 4155 quid
351 4073 490 4157 cognosci
512 4083 619 4153 potest,
640 4071 699 4132 rid.
714 4093 760 4153 ap.
774 4071 920 4154 Droysen.
942 4073 1041 4155 ples
1054 4093 1117 4153 sqq.

303 4208 373 4289 (m)
405 4209 595 4272 Athenienses
622 4209 708 4269 etiam
730 4205 968 4270 Chalcidensibus
993 4209 1127 4271 triremes
1152 4222 1213 4270 tum
1239 4209 1412 4286 credebant,
1439 4230 1558 4293 qmrurn
1586 4212 1707 4294 praedes
1734 4194 1840 4273 fiebant

262 4311 340 4373 cives
361 4311 471 4391 aliquot
484 4309 714 4384 Atheniensium,
735 4309 812 4371 inter
825 4331 898 4392 quos
912 4310 974 4392 ipse
989 4322 1051 4371 erat
1063 4310 1287 4374 Demosthenes.
1308 4311 1367 4373 rid.
1381 4309 1510 4373 Boeekh.
1526 4311 1562 4373 de
1577 4333 1610 4374 re
1624 4313 1716 4372 navali
1731 4310 1837 4371 Athen.

261 4410 389 4473 tabxtv.
405 4408 479 4470 342
493 4431 555 4490 sqq.
570 4432 599 4491 p·
608 4409 678 4471 481.

303 4544 373 4626 (²⁶¹)
404 4545 491 4606 Dem.
511 4545 548 4607 de
568 4566 629 4608 cor.
650 4546 747 4629 post
762 4549 801 4608 in.
825 4548 862 4609 31.
883 4547 988 4630 9254.

304 4679 374 4760 (ω)
404 4681 495 4743 Diod.
510 4682 590 4742 XVI.
604 4681 655 4743 74.
677 4684 714 4745 31.
728 4685 815 4746 Dem.
831 4685 868 4746 de
882 4705 944 4747 cor.
959 4684 1069 4767 ptztl:
1089 4682 1203 4759 Ἐπειδὴ
1224 4682 1314 4746 τοίνυν
1335 4687 1366 4747 ἐκ
1386 4691 1436 4759 τῆς
1449 4678 1577 4752 Εὖβοίας
1590 4685 1604 4745 ὅ
1619 4680 1756 4750 §mmor
1773 4686 1840 4773 ἰξη·

261 4774 345 4854 adse
366 4787 424 4847 esic
443 4773 492 4854 piu
513 4777 609 4846 ὅπλοις
629 4782 686 4860 ὑφ’
701 4784 793 4856 ὑμῶν,
814 4790 849 4864 τῇ
870 4777 901 4846 δὲ
921 4781 1047 4862 πολιτείᾳ
1067 4779 1115 4846 καὶ
1136 4791 1193 4850 τοῖς
1206 4779 1396 4866 ψηφίσμασι,
1415 4779 1470 4846 κᾶν
1491 4781 1667 4872 διαρῥαγῶσί
1683 4811 1755 4854 τινες
1774 4784 1840 4850 rod·

263 4907 327 4953 των,
348 4880 400 4943 ὑπ’
415 4882 492 4956 tuot,
513 4874 602 4971 ἕτερον
623 4881 698 4944 κατὰ
719 4889 769 4956 τῆς
789 4878 898 4952 πόλεως
919 4885 1113 4968 ἰπιτειχισμδν
1134 4879 1232 4961 ἐζήτει.
1262 4889 1379 4951 Deinde
1399 4899 1497 4952 narrat
1516 4887 1624 4951 bellum
1644 4889 1715 4972 Byr.
