4636 5940
1084 425 1112 516 3

309 649 382 728 que
408 625 673 698 sententiarum
698 618 828 695 ordine
847 617 1268 695 Pseudo-Plutarcheam
1289 625 1399 697 vitam
1418 621 1610 699 Aeschinis
1630 627 1797 727 sequitur
1814 624 1889 724 (⁴);

307 754 347 825 in
374 747 655 824 cod.61alium
682 750 805 822 nescio
834 771 945 849 quem
970 763 1237 822 antecessorem
1260 749 1389 823 habet:
1418 748 1655 852 Apollonius,
1685 754 1786 826 cuius
1806 778 1889 827 nar·

307 879 401 952 ratio
426 873 617 950 Aeschinis
645 876 856 948 orationum
882 898 1011 975 agmen
1037 870 1157 965 ducit,
1192 872 1287 947 nihil
1317 874 1395 950 fere
1423 874 1530 950 affert
1555 893 1701 979 praeter
1727 903 1769 952 ea
1795 903 1889 980 quae

305 1005 345 1078 in
372 1002 597 1077 orationibus
625 1015 663 1074 ct
683 998 945 1074 Demosthenis
973 1015 1010 1074 ct
1030 998 1221 1075 Aeschinis
1247 998 1396 1102 legerat.
1439 1000 1520 1075 Nec
1541 1008 1651 1104 magis
1670 1003 1888 1108 Anonymus

305 1129 369 1204 ille
393 1125 619 1203 Philostrato
651 1142 688 1201 et
712 1122 1092 1201 Pseudo-Plutarcho
1122 1126 1227 1202 lectis
1257 1132 1346 1203 novi
1375 1125 1576 1230 quidquam
1606 1127 1739 1205 tradet.
1782 1127 1888 1224 Quae

305 1253 436 1330 Suidas
469 1252 615 1327 duobus
645 1252 738 1328 locis
771 1250 873 1329 dedit
903 1256 1007 1356 parvi
1037 1256 1216 1328 momenti
1245 1271 1348 1347 sunt,
1382 1253 1548 1329 Eudocia
1580 1254 1700 1329 nihili.
1741 1256 1888 1332 Libanii

306 1397 345 1457 et
370 1382 679 1483 vituperationem
707 1379 899 1455 Aeschinis
933 1397 970 1455 et
1002 1384 1315 1482 comparationem
1340 1380 1603 1456 Demosthenis
1636 1397 1673 1455 et
1696 1381 1888 1457 Aeschinis

303 1532 382 1582 non
408 1510 487 1581 sine
513 1503 660 1581 fastidio
688 1503 851 1608 quodam
875 1505 997 1609 legere
1022 1506 1209 1601 valebam3
1240 1506 1357 1582 affero
1383 1534 1420 1583 v.
1437 1534 1470 1582 c.
1500 1533 1544 1581 cx
1568 1510 1727 1609 vituper.
1749 1508 1883 1585 Aesch.

303 1634 413 1710 haec:
448 1624 540 1706 ἀλλὰ
567 1624 635 1740 γὰρ
667 1632 763 1706 τοῦτο
794 1623 887 1722 μόνον
920 1631 1031 1711 καλῶς
1059 1627 1204 1720 ἐποίησεν
1237 1632 1484 1732 (Aeschines),
1518 1621 1553 1710 tr
1580 1625 1635 1706 σίν
1666 1635 1888 1731 Κτησιφῶντα

303 1751 522 1870 γραψάμενος
540 1748 661 1857 ἔφυγεν
675 1750 877 1847 Ἀθήνηθεν.
902 1777 939 1835 et
957 1763 1102 1835 initium
1123 1777 1324 1864 comparat.
1340 1760 1452 1835 Dem.
1470 1776 1507 1835 et
1518 1757 1671 1835 Aesch.z
1695 1751 1782 1834 Οιίτε
1802 1753 1889 1845 uda,

302 1899 369 1961 λιον
396 1879 479 1961 otidis
499 1877 663 1984 Ἀθήνησι
688 1879 804 1977 γέγονε
828 1879 1082 1977 Δημοσθένους·
1116 1878 1229 1962 κᾶκιίν
1254 1915 1292 1962 τε
1319 1880 1402 1960 οὐδὲν
1427 1880 1595 1980 Αἰσχίνου.
1625 1931 1666 1945 -
1698 1901 1735 1960 et
1757 1884 1887 1989 paullo

301 2015 472 2091 inferiusz
507 2009 576 2103 ιίγε
606 2007 719 2092 δοῦλος
743 2004 779 2102 ἰην
805 2015 821 2087 ὃ
848 2006 956 2124 πατὴρ
985 2009 1109 2110 ἐκείνην,
1141 2010 1197 2090 καί
1225 2015 1260 2088 οὐ
1286 2005 1399 2091 δοῦλος
1421 2005 1532 2106 μόνον,
1563 2005 1653 2087 ἀλλὰ
1678 2008 1735 2087 καί
1757 2005 1889 2122 πονηρὸς

242 2126 246 2131 ’
302 2136 439 2230 οἰκέτης·
473 2142 508 2215 οἰν
532 2134 598 2263 γιίρ
625 2128 664 2214 dv
688 2143 720 2215 ἓν
746 2135 858 2220 πέδαις
881 2131 933 2230 iv,
966 2143 996 2215 εἰ
1018 2135 1063 2249 μη
1089 2133 1253 2220 πολλάκις
1277 2135 1413 2229 είληπσο
1440 2140 1643 2250 κακουργῶν.
1682 2139 1749 2219 πᾶς
1775 2128 1888 2213 οὖνεί

302 2268 425 2377 φρονῶν
449 2260 584 2365 ἐπῄνεσε
609 2261 731 2376 μητέρα
755 2261 1010 2358 Δημοσθένους,
1043 2261 1100 2354 σὴν
1128 2263 1160 2341 δί
1185 2264 1344 2361 Αἰσχίνου
1369 2261 1558 2342 Λευκοθέαν
1584 2258 1714 2364 ἐπῄνουν
1741 2270 1771 2339 οἰ
1792 2256 1886 2374 χρυί·

301 2422 388 2485 μενοι
413 2386 511 2484 μίνοι.
551 2391 700 2468 Scilicet
725 2393 903 2468 Libanius
929 2418 985 2484 ea,
1016 2417 1112 2495 quae
1136 2391 1408 2467 Demosthenes
1434 2391 1579 2466 decor.
1600 2394 1727 2494 pato
1752 2415 1885 2493 paren·

300 2523 400 2598 tibus
432 2518 625 2595 Aeschinis
658 2516 881 2594 maledicens
914 2521 1087 2593 mentitus
1120 2534 1193 2610 est,
1231 2514 1409 2592 viridiore
1443 2500 1566 2591 animo
1600 2517 1670 2592 sibi
1704 2513 1883 2620 depinxit.
1916 2532 1922 2543 '

300 2646 380 2722 Ncc
405 2651 526 2722 minus
551 2648 706 2721 excessit
730 2642 882 2720 modum
906 2641 1083 2719 Nicolaus
1108 2647 1147 2718 in
1166 2640 1495 2747 Progymnasmatis
1522 2641 1621 2740 (vide
1641 2644 1681 2718 in
1699 2642 1796 2719 rhet.
1814 2639 1882 2719 Gr.

301 2773 361 2851 ed.
383 2773 521 2851 Christ.
536 2771 657 2851 Walz.
678 2771 766 2850 Vol.
781 2773 813 2847 I.
839 2772 965 2875 poso
980 2776 1057 2874 sq.)
1077 2769 1150 2870 (⁵).
1191 2768 1451 2872 Reliquorum,
1480 2772 1545 2873 qui
1570 2796 1648 2845 non
1668 2769 1752 2846 data
1772 2796 1885 2874 opera

301 2900 365 2979 sed
393 2901 547 2977 fortuito
573 2898 794 2975 Aeschinem
821 2900 1030 3003 attigerunt,
1059 2922 1128 2973 suo
1155 2921 1341 3000 quemque
1367 2896 1453 2972 loco
1480 2898 1709 2972 memorabo.

440 3026 705 3104 Recentiorum
726 3029 947 3129 scriptorum
963 3027 1291 3100 commentationes
1312 3025 1384 3125 legi
1396 3022 1553 3098 Abbatis
1566 3022 1680 3127 Vatry
1700 3026 1739 3099 in
1759 3023 1881 3099 annai.

299 3153 416 3231 Acad.
436 3155 608 3256 Inscript.
629 3150 716 3226 Vol.
731 3149 832 3222 XIV.
857 3148 1008 3221 litterat.
1028 3150 1127 3250 pst
1146 3174 1230 3250 sqq.
1262 3147 1510 3244 (Recherches
1535 3173 1598 3220 sur
1622 3149 1659 3219 la
1684 3151 1742 3222 vie
1767 3164 1805 3222 et
1829 3148 1883 3225 les

301 3304 455 3356 oeuvres
482 3275 695 3372 d'Eschine)
728 3287 766 3347 et
794 3270 977 3346 Francisci
1003 3269 1165 3368 Passovii
1196 3274 1235 3345 in
1261 3267 1578 3376 Encyclopacdiae
1605 3271 1772 3347 Halensis
1803 3273 1879 3348 vol.

301 3404 431 3477 altero.
474 3400 552 3495 Qui
581 3401 648 3475 etsi
673 3402 713 3473 in
739 3397 970 3473 familiarium
997 3397 1235 3502 epistolarum
1263 3424 1353 3500 quas
1377 3395 1567 3474 Wachleri
1591 3398 1784 3475 ediderunt
1810 3427 1883 3477 una

302 3528 423 3630 aliqua
448 3532 528 3632 ipse
554 3524 741 3632 professus
767 3542 834 3618 cst,
870 3551 908 3601 se
940 3523 1115 3601 defuncto
1143 3522 1282 3599 dudum
1307 3524 1450 3600 homini
1474 3526 1600 3601 Attico
1624 3524 1736 3600 talem
1761 3525 1881 3602 hono·

299 3681 378 3731 rem
403 3655 587 3748 tribuisse,
618 3653 718 3756 quali
744 3654 774 3728 si
799 3655 937 3730 viveret
960 3656 1038 3756 ipse
1064 3649 1255 3755 gauderet:
1284 3676 1353 3728 nos
1380 3651 1531 3755 quidem
1555 3677 1634 3726 rem
1658 3655 1774 3754 ipsam
1798 3678 1880 3757 spe·

171 3761 174 3766 ⁵
300 3798 439 3859 ctantss
465 3778 632 3857 nondum
656 3782 741 3854 satis
766 3777 991 3854 consuluisse
1018 3781 1173 3853 oratoris
1197 3777 1315 3852 famae
1340 3803 1473 3880 negare
1494 3803 1571 3851 non
1591 3802 1799 3880 possumus.
1836 3778 1880 3853 Id

301 3906 404 4013 quod
433 3933 477 3983 ex
503 3911 582 4012 ipsa
609 3932 719 4010 quam
744 3908 816 3981 iam
842 3903 1070 4008 aggredimur
1096 3907 1312 4008 quaestione
1336 3902 1570 4007 proditurum
1595 3929 1795 4007 speramus.

341 4159 389 4239 (⁴)
420 4122 556 4240 Id'quod
577 4158 654 4219 idem
675 4157 745 4219 iecit
766 4157 797 4218 in
817 4158 877 4220 vita
897 4157 1055 4240 Hyperidis
1077 4156 1228 4234 cod.266,
1249 4158 1279 4218 in
1299 4157 1358 4218 vita
1378 4138 1507 4241 Lycurgi
1529 4156 1596 4219 cod.
1608 4156 1680 4233 268,
1701 4156 1732 4216 in
1746 4158 1804 4219 vita
1818 4156 1877 4238 Ly-

301 4258 358 4320 siae
380 4259 447 4321 cod.
461 4259 535 4336 262,
556 4257 627 4319 aliis.

342 4373 390 4452 (⁵)
421 4377 529 4458 Incipit
554 4376 598 4438 his
624 4375 735 4438 verbis:
766 4369 951 4448 Δημοσθίνης
972 4372 1050 4436 ιίκοίν
1071 4374 1185 4462 αρετῆς,
1212 4370 1300 4462 οἰοπερ
1321 4369 1464 4456 Αἰσχίνης
1482 4370 1585 4441 κακίας
1605 4367 1804 4461 παράδειγμα·
1829 4366 1878 4433 καί

299 4471 348 4547 τὴν
368 4471 469 4534 κακίαν
489 4469 728 4562 κατηγορουμίνην
748 4480 857 4549 μᾶλλον
877 4470 1037 4564 εὑρήσομεν,
1058 4467 1115 4553 ὅσῳ
1133 4471 1203 4562 πρία
1215 4470 1400 4550 Δημοσθένην
1414 4467 1520 4549 ταύτην
1533 4468 1771 4559 ιίντοξιτάσομιν·
1790 4467 1878 4533 κακία

299 4566 348 4647 μὲν
368 4571 426 4660 γὰρ
447 4569 519 4657 οἰξία
537 4575 764 4663 κατηγορῆσθαι
786 4589 842 4641 cet
863 4610 904 4624 -
931 4566 995 4637 οὔτ’
1016 4565 1065 4637 οὖν
1085 4571 1227 4657 Αἰσχίνην
1251 4567 1313 4664 πορί
1338 4572 1405 4641 σούς
1429 4572 1563 4662 πονηροῦς
1584 4566 1742 4653 φανήσεται
1768 4565 1876 4643 κάκιον,

301 4667 365 4736 οὔτε
385 4683 455 4748 Ante
476 4675 504 4736 ἰν
524 4679 582 4739 τοῖς
600 4669 727 4764 ῥήτορσιν
746 4666 857 4748 οἰμιινον
878 4688 934 4740 etc.
954 4689 1010 4740 etc.
