4636 5940
784 464 818 535 ‚
1232 394 1286 486 ιι

470 595 569 671 lam?
595 597 664 692 (⁵⁶)
704 591 1033 668 Verosimillimum
1062 592 1172 692 igitur
1195 584 1342 665 videtur
1371 587 1458 665 hoc.
1507 588 1708 665 Aeschines
1739 616 1846 666 causa
1875 590 1939 667 illa
1971 618 2050 694 gra·

469 726 612 798 sissima
636 722 767 813 victus,
796 735 839 794 ut
862 717 1111 794 cavillationes
1137 713 1279 790 dicaces
1305 731 1343 791 et
1368 741 1532 792 morosas
1553 715 1696 819 fugeret
1715 733 1795 792 tum
1817 721 1952 794 civium
1974 734 2053 819 tum

471 865 678 924 ceterorum
706 845 947 936 Graecorum,
977 846 1073 917 inter
1098 868 1194 945 quos
1219 839 1345 918 iudicii
1371 846 1508 918 exitum
1534 843 1572 942 (e
1595 858 1674 917 tota
1694 847 1793 917 enim
1814 820 2056 941 Graecia*

471 972 596 1049 diendi
628 999 733 1048 causa
763 971 1024 1046 celeberrimos
1057 985 1222 1045 oratores
1252 986 1432 1046 certantes
1458 994 1677 1044 concursum
1703 969 1789 1069 fuit)
1821 995 1909 1046 mox
1935 971 2053 1050 divul-

470 1106 547 1204 gari
573 1100 783 1203 oportebat,
812 1096 977 1172 Athenas
1001 1111 1039 1171 et
1061 1095 1255 1171 Graeciam
1280 1096 1379 1180 ultro
1405 1096 1568 1199 reliquit,
1598 1099 1637 1170 in
1662 1099 1786 1171 Asiam
1814 1122 1853 1172 se
1879 1099 2050 1193 contulit,

471 1231 536 1302 ubi
562 1230 718 1300 otiosam
743 1240 780 1297 et
807 1227 969 1326 quietam
995 1238 1220 1298 senectutem
1246 1221 1408 1325 degeret.
1449 1223 1539 1298 Erat
1565 1210 1663 1298 enim
1688 1239 1778 1298 time
1805 1220 1887 1321 (Ol.
1909 1223 1995 1300 112.
2011 1228 2054 1324 3)

470 1377 589 1455 prope
611 1352 876 1453 sexagenarius.
905 1347 1019 1423 Dives
1038 1347 1267 1451 pedetentim
1288 1349 1405 1424 factm
1426 1365 1503 1425 erat
1519 1352 1605 1448 (⁵⁷),
1629 1375 1751 1452 neque
1772 1355 1945 1453 angustiis
1965 1375 2053 1454 ergo

470 1475 617 1556 victum*
634 1476 713 1550 ullo
741 1473 855 1551 modo
884 1477 955 1550 sibi
980 1499 1110 1578 parare
1136 1477 1355 1578 cogebatur3
1388 1472 1516 1552 verum
1545 1475 1782 1580 proficiscens
1812 1502 1881 1580 per
1907 1476 2054 1554 Cariam

471 1622 508 1681 et
532 1606 678 1680 Ioniam
703 1601 831 1678 Rhodi
856 1605 1000 1707 saepius
1025 1628 1067 1677 ac
1092 1601 1252 1678 libenter
1277 1604 1502 1695 morabatur,
1532 1604 1660 1706 ibique
1685 1630 1706 1676 a
1731 1601 1888 1679 Rhodiis
1913 1603 2052 1681 littera·

470 1761 553 1808 rum
582 1729 754 1807 studiosis
787 1746 934 1833 rogatus
964 1731 1158 1831 utriusque
1188 1732 1395 1838 orationem
1421 1729 1724 1834 Ctesiphonteam
1754 1734 1964 1807 suavissima
1989 1744 2054 1808 sua

472 1877 509 1935 et
535 1860 706 1935 altissima
730 1882 821 1934 voce
847 1858 1030 1948 recitavit,
1064 1853 1227 1959 indeque
1257 1883 1435 1933 summam
1467 1855 1745 1932 admirationem
1777 1883 1861 1931 cum
1893 1862 1949 1932 sui
1974 1876 2053 1934 tum

471 1986 664 2063 adversarii
691 1985 870 2059 excitavit.
912 1981 964 2056 At
993 1998 1107 2058 artem
1136 1982 1356 2059 rhetoricam
1382 1981 1540 2058 Rhodiis
1568 1985 1781 2086 rogantibus
1808 2009 1886 2060 non
1910 1983 2049 2078 docuit,

470 2138 518 2187 ne
545 2114 666 2212 ipsum
694 2108 844 2211 quidem
870 2133 909 2184 se
935 2110 1028 2185 scire
1054 2106 1304 2211 respondens3
1339 2134 1461 2212 neque
1488 2113 1527 2184 in
1553 2113 1669 2187 causis
1694 2108 1892 2186 tractandis
1917 2115 2053 2187 versari

469 2238 542 2314 illis
571 2237 804 2313 hortantibus
834 2238 963 2338 utique
992 2235 1112 2312 soluit
1137 2237 1222 2334 (⁵⁸).
1271 2235 1402 2339 Itaque
1434 2263 1502 2342 per
1535 2235 1688 2340 aliquod
1720 2253 1867 2342 tempus
1899 2241 2054 2314 otiatum

469 2363 608 2441 Rhodo
634 2361 721 2439 inde
741 2361 892 2439 Samum
918 2362 1073 2438 insulam
1099 2387 1185 2436 eum
1209 2387 1249 2437 se
1272 2364 1472 2439 contulisse
1496 2362 1659 2457 madunt,
1688 2366 1816 2467 ibique
1836 2390 1914 2440 non
1934 2365 2052 2442 multo

469 2510 556 2595 post
581 2507 766 2566 mortuum
792 2515 870 2565 esse
898 2486 1229 2585 (Phot.cod.61.
1257 2487 1573 2590 Pseudo-Plus).
1619 2489 1719 2565 Num
1747 2496 2053 2593 septuagesimum

471 2621 640 2719 quintum
668 2640 777 2718 agens
802 2629 969 2689 mortuus
993 2617 1040 2688 sit
1066 2610 1253 2710 (01:116.
1272 2618 1308 2689 t.
1336 2642 1370 2690 a.
1386 2618 1508 2711 stt),
1544 2615 1646 2718 quod
1672 2615 1896 2718 Apollonius
1923 2618 2049 2710 refert,

469 2748 508 2816 in
534 2739 648 2816 dubio
676 2741 816 2834 haeret,
847 2767 931 2817 cum
955 2737 1159 2816 confundat
1177 2741 1403 2844 Apollonius
1424 2768 1507 2817 cum
1531 2742 1604 2816 alio
1626 2746 1850 2844 nescioquo
1872 2769 1945 2817 una
1967 2770 2053 2819 cum

469 2866 724 2945 Demosthene
750 2866 945 2942 interfecto
972 2868 1018 2941 ab
1044 2867 1257 2971 Antipatro.
1299 2867 1440 2944 Vixisse
1467 2872 1575 2942 etiam
1601 2867 1759 2961 videtur,
1794 2858 1878 2944 cum
1903 2874 2053 2946 nuntius

510 3147 567 3229 (⁵⁶)
588 3149 717 3212 Omnino
733 3149 885 3212 consentio
899 3149 945 3226 iis,
960 3169 1033 3232 quae
1047 3149 1218 3233 Remhardy
1232 3150 1263 3210 in
1276 3149 1342 3211 hist
1355 3149 1442 3212 litter.
1455 3148 1562 3212 Graec.
1577 3171 1606 3233 p.
1612 3150 1653 3212 37
1655 3151 1673 3212 8
1688 3151 1799 3213 statuit:
1815 3152 1894 3228 „Die
1908 3152 2052 3215 Rhetorik

471 3252 523 3312 der
543 3247 724 3312 Asiatischen
745 3272 774 3310 u.
794 3250 984 3312 Rhodischen
1005 3249 1112 3313 Schule
1133 3249 1211 3312 steht
1231 3250 1261 3310 in
1282 3271 1333 3333 gar
1353 3250 1468 3311 keiuem
1489 3250 1752 3336 Zusammenhange
1779 3252 1832 3314 mit
1852 3246 1920 3314 dem
1940 3253 2052 3316 Verlall

469 3352 523 3413 der
543 3349 694 3412 Attischen
714 3350 945 3423 beredssmkeit3
970 3371 1058 3412 wenn
1084 3349 1181 3434 gleich
1202 3349 1250 3411 die
1271 3350 1383 3412 Namen
1405 3350 1456 3410 des
1477 3349 1635 3413 Aeschines
1656 3375 1684 3413 ιι
1705 3353 1873 3415 Demetrius
1894 3352 2052 3416 Phalereus

469 3451 509 3510 als
524 3451 697 3512 Vermittler
717 3448 865 3510 zwischcn
885 3449 984 3512 Altem
1004 3471 1033 3511 ιι.
1054 3449 1167 3512 Neuem
1188 3447 1340 3511 scheinhar
1362 3447 1578 3532 eingeschohen
1599 3452 1730 3512 werdem
1817 3453 1905 3514 Noch
1919 3457 2053 3539 weniger

467 3551 542 3611 kann
562 3571 621 3613 von
641 3548 801 3612 Aeschines
820 3548 870 3611 die
890 3549 974 3612 Rede
994 3550 1067 3625 sein,
1087 3549 1222 3611 welchen
1243 3568 1322 3609 rwar
1339 3548 1481 3610 Sammler
1499 3548 1560 3610 wie
1573 3551 1611 3609 V.
1626 3549 1663 3608 X.
1679 3548 1733 3611 Or.
1748 3572 1777 3630 p.
1784 3549 1854 3611 840.
1865 3550 1905 3611 D.
1921 3551 2051 3631 (οχολὴν

467 3645 722 3720 καταστησάμενοι
741 3642 889 3729 ἐδίδασκε)
916 3672 944 3711 u.
972 3649 1025 3712 der
1049 3647 1198 3733 Biograph
1226 3649 1277 3710 des
1297 3647 1456 3711 Aeschines
1482 3648 1579 3710 selber
1605 3671 1671 3709 zum
1691 3647 1900 3711 Schulmeister
1919 3649 2051 3726 machon,

468 3751 515 3814 die
535 3764 624 3836 gutsn
639 3749 902 3813 Gcwihrsminner
915 3749 1062 3836 hingegen
1075 3772 1130 3812 nur
1144 3749 1192 3812 die
1206 3748 1359 3812 Kenntnils
1373 3748 1426 3811 der
1438 3749 1655 3812 beredssmkeit
1669 3750 1826 3829 (Quinctil.
1840 3750 2049 3829 xn.10‚11.)‚

467 3865 553 3914 anter
573 3851 709 3913 auderem
730 3849 803 3912 such
825 3850 916 3912 durch
937 3850 1125 3935 Mittheilung
1144 3850 1242 3914 seiner
1255 3849 1358 3912 Reden
1378 3849 1451 3912 uach
1473 3851 1527 3912 der
1546 3849 1624 3912 Insel
1645 3850 1831 3932 verpllanzen
1848 3851 1951 3927 lassen‚
1971 3850 2047 3912 wel-

469 3950 523 4014 che
544 3956 641 4033 sp'a'ter
660 3949 838 4013 Athenische
858 3951 1057 4014 Lehrrneister
1077 3948 1245 4027 hesuehten,
1265 3950 1355 4034 Diog.
1370 3951 1405 4010 L.
1421 3947 1551 4011 Ν.49.”

482 4065 566 4146 ,(17)
597 4069 684 4130 Dem.
706 4069 743 4130 de
765 4062 1166 4149 cor-p.271:rr>totls·rssiss
1186 4073 1311 4148 πτωχοῦ
1332 4064 1379 4128 διὰ
1400 4061 1531 4129 τουτουσὶ
1552 4062 1689 4149 γεγονώς.
1711 4070 1764 4132 cir.
1779 4069 1850 4131 ibid·
1871 4070 1977 4152 p.239:
1999 4066 2049 4143 δῆ·
2153 4142 2158 4149 ,

467 4179 516 4228 λον
536 4165 593 4253 γὰρ
615 4161 656 4228 ὅτι
677 4165 714 4228 ed
735 4157 784 4239 uir
805 4165 906 4247 ἀλγεῖς
926 4162 970 4229 ini
990 4173 1049 4234 τοῖς
1069 4161 1299 4242 ουμβιβηκὸσιν,
1319 4165 1455 4250 Αἰσχίνη,
1475 4162 1524 4229 uel
1544 4165 1610 4234 τοδς
1631 4164 1779 4245 &siluisse
1797 4170 1894 4240 ἔλιεῒς,
1917 4163 2049 4244 κτήματα

468 4261 547 4348 ἔχων
569 4268 597 4331 ἒν
617 4271 653 4347 τῇ
673 4260 790 4343 Βοιωτία
810 4260 859 4328 καὶ
879 4273 1015 4355 γεωργῶν
1036 4267 1073 4329 τοὶ
1095 4263 1211 4333 ἔναι’ννιν.
1233 4270 1271 4332 cf.
1292 4271 1378 4333 Dent.
1399 4261 1460 4355 περὶ
1481 4293 1605 4357 seqare.
1626 4271 1722 4354 p.386
1736 4270 1799 4333 init
1820 4270 1921 4333 Schol.
1943 4273 1978 4333 ad
1993 4273 2048 4335 Ti·

466 4368 574 4431 march.
596 4391 624 4451 p.
632 4367 692 4430 124
714 4369 746 4429 ln
766 4368 836 4432 edit
858 4370 937 4432 Tim·
958 4382 1031 4433 orat.
1051 4371 1178 4433 Franks:
1198 4362 1246 4431 noel
1267 4367 1324 4458 γὰρ
1346 4362 1427 4451 rimer
1448 4366 1537 4457 ἆγρδν
1557 4370 1572 4431 ὅ
1593 4364 1735 4452 Αἷοχῖνης
1754 4371 1784 4431 ἕν
1803 4364 1899 4453 Πύδνῃ
1920 4377 1970 4446 τῆς
1983 4381 2048 4434 Μα-

467 4463 603 4533 κεδονίας.
644 4467 685 4528 At
704 4468 917 4533 Demosthenes
937 4470 1051 4555 gravius
1072 4491 1105 4533 ac
1126 4472 1239 4555 saepius
1259 4469 1435 4534 Aeschinem
1456 4470 1645 4558 obiurgasset,
1666 4471 1690 4533 si
1711 4494 1772 4535 non
1789 4473 1864 4536 iusto
1879 4474 1969 4536 modo
1985 4473 2047 4535 illas
2103 4533 2105 4538 .

468 4569 665 4644 possessiones
684 4571 831 4632 tenuisset.
872 4569 1009 4634 Libanius
1030 4572 1061 4632 in
1083 4573 1237 4655 vitsp.10
1258 4593 1318 4634 non
1339 4571 1495 4634 audiendus
1517 4585 1570 4636 est

509 4679 568 4761 (⁶⁸)
597 4681 767 4768 Anonymus
787 4688 819 4750 ln
833 4689 905 4751 vitat
925 4681 1003 4749 ἔνθα
1024 4682 1156 4762 δεομένων
1177 4689 1267 4752 αὐτοῦ
1284 4684 1468 4763 ‘Pedius-silv
1487 4683 1593 4770 τέχνην
1614 4685 1733 4778 διδάξαι
1753 4690 1803 4764 τὴν
1822 4685 1973 4779 ῥητορικήν,
1997 4692 2048 4778 ἆρ-

468 4773 618 4853 νῆοατθαι
639 4778 753 4846 εἰπόντα
772 4779 840 4862 μήδ’
856 4786 941 4851 αὗτδν
961 4782 1070 4852 ridicas.
1092 4784 1173 4856 δι’κας
1193 4795 1265 4871 «γοῦν
1284 4782 1455 4852 κιλινᾶντων
1475 4793 1570 4863 εἰπεῖν,
1591 4784 1750 4854 οὐδὲτοῦτο
1764 4792 1906 4867 θελῆσαι·
1928 4787 2047 4865 cataflu-

466 4872 564 4951 δὸνῐαι
583 4875 624 4942 35¹
645 4882 673 4941 ἒν
692 4890 729 4964 τῇ
748 4883 860 4973 πατριδι
880 4885 1024 4965 ἡττηθείς,
1044 4886 1145 4963 κομιδῆ
1165 4890 1200 4971 γ’
1215 4886 1251 4953 ἂν
1271 4884 1316 4953 tal
1337 4897 1393 4973 «γῆς
1413 4886 1563 4983 ἀλλοτρίας
1583 4890 1791 4980 διαφθαρῆναι.
