4636 5940
341 36 447 123 ',·

634 460 666 509 e,
775 501 780 509 -
1104 434 1158 526 81
1868 444 1903 525 0.
2054 452 2243 563 “s

125 638 163 689 ⁶·
196 666 209 729 ,·
245 632 252 641 ’
339 634 532 711 {ruebatm
557 630 655 736 apud
682 635 779 706 cives
805 629 994 706 Nausicles
1009 631 1111 730 (²⁸³),
1140 628 1239 705 idem
1265 652 1353 706 sane
1377 629 1564 711 familias
1589 600 1787 711 summi
1806 632 1923 711 idem·
2032 504 2083 625 q
2239 728 2243 735 Ι

250 818 264 843 ,
341 786 416 865 que
433 760 652 836 clarissimus
671 756 758 850 dux,
788 783 899 861 quem
916 762 1060 862 saepius
1077 782 1216 833 corona
1232 756 1510 835 honoraverunt
1524 742 1769 837 Athenienses
1793 758 1920 862 (Dem.
1990 802 2053 925 φ
2088 770 2115 801 ·“

244 980 251 987 q
341 887 388 964 de
402 913 478 964 cor.
489 889 638 991 putat
664 885 876 989 Itaqueviri
894 890 960 989 qui
977 883 1076 961 idem
1094 901 1205 988 atque
1218 884 1419 962 Aeschines
1436 886 1719 965 sentiebantles
1734 910 1820 964 cum
1833 880 1924 965 ni·
2198 922 2213 943 ·

253 1038 256 1043 ·
340 1015 448 1120 lippo
466 1029 768 1116 composuemnt.
797 1012 1060 1088 Verumtamen
1085 1013 1154 1087 alia
1181 1039 1309 1088 curare
1335 1029 1414 1088 tum
1439 1012 1485 1090 iis
1507 1032 1588 1091 no·
1605 1012 1754 1091 licuisse
1768 1010 1928 1093 videbar}
2007 1072 2025 1091 x

230 1168 234 1173 ·
340 1143 487 1239 Etenim
514 1139 616 1215 illico
642 1156 728 1243 post
753 1138 896 1215 cladem
921 1156 1124 1244 acceptam,
1154 1167 1239 1215 cum
1255 1142 1412 1219 maxim
1423 1138 1705 1218 Atheniensium
1721 1159 1818 1219 esset
1833 1168 1923 1237 conf

341 1273 531 1361 sternatio,
567 1284 666 1360 mor,
700 1266 953 1343 Demosthene
979 1269 1132 1370 eiusque
1158 1269 1282 1341 amicis
1308 1268 1533 1360 mormius,
1567 1272 1814 1371 mmntsiuflre
1838 1271 1925 1346 urbi

225 1466 232 1481 ,
290 1468 294 1473 .
343 1393 596 1472 defendendae
623 1418 774 1497 operam
800 1396 956 1468 navabat
981 1398 1119 1469 civitas.
1156 1391 1367 1497 Hyperides·
1384 1398 1617 1497 rogationem
1642 1396 1743 1495 fecit,
1768 1412 1813 1472 nt
1828 1400 1925 1472 servi

203 1606 208 1613 ¹
341 1523 523 1612 libertate,
553 1520 701 1596 accolae
727 1524 871 1595 civitate
898 1519 1136 1612 donarentur,
1166 1520 1314 1595 infamia
1340 1525 1457 1595 notati
1482 1525 1521 1597 in
1547 1519 1730 1596 honorem
1754 1526 1922 1598 restitue·
1955 1500 1963 1509 ’

340 1665 488 1740 rentur3
524 1646 686 1723 decrevit
710 1647 887 1750 populus,
916 1663 958 1722 ut
982 1646 1193 1750 proditores
1218 1646 1443 1749 haberentur
1460 1651 1499 1739 ii,
1517 1651 1595 1750 «qui
1620 1645 1694 1722 hoc
1719 1652 1759 1722 in
1784 1653 1924 1751 patriae
2030 1634 2035 1643 ⁹

277 1818 283 1825 ·
341 1774 511 1878 periculo
532 1775 720 1878 fugerent,
748 1793 790 1850 ut
807 1779 902 1849 muri
920 1801 1031 1877 mam
1049 1774 1240 1850 celerrime
1255 1774 1547 1866 restituerentur,
1568 1773 1662 1849 valla
1681 1778 1924 1850 munimenta·

343 1926 416 2006 que
446 1919 734 1994 exsuuerentur,
769 1919 811 1976 ut
841 1901 951 1975 liberi
981 1900 1227 2005 mulieresque
1257 1928 1302 1977 ex
1333 1906 1426 2006 agris
1457 1905 1496 1976 in
1525 1903 1657 1978 urbem
1687 1892 1921 2004 hogcrenun,

342 2031 413 2104 alia
439 2027 484 2103 ad
510 2027 635 2104 hostes
660 2026 839 2103 arcendos
865 2025 1012 2103 idonea.
1058 2026 1221 2122 Andnn,
1251 2028 1363 2122 Ceus,
1394 2029 1598 2122 Troezene,
1627 2027 1835 2133 Epidaurus
1860 2055 1924 2104 au·

341 2156 469 2231 silium
496 2159 719 2257 rogabantur
735 2155 842 2254 (²⁸⁸),
877 2153 1149 2231 Demosthenes
1175 2148 1312 2243 σιτώνης
1337 2173 1478 2233 creatus
1504 2173 1572 2232 est.
1619 2157 1791 2260 Lycurgo
1818 2183 1925 2231 accu-

343 2300 446 2358 sante
462 2281 626 2385 Lysicles
649 2280 723 2356 dux
745 2287 866 2386 capite
888 2279 1081 2356 damnatur
1098 2284 1196 2381 (²⁶⁵).
1222 2285 1436 2386 Areopagus
1454 2283 1546 2356 hacc
1564 2286 1687 2358 omnia
1704 2287 1804 2358 iurat
1819 2285 1923 2382 (²⁸⁶);

341 2407 439 2483 idem
466 2426 602 2501 umen,
632 2434 717 2483 cum
741 2434 814 2512 pax
838 2409 1025 2512 agebatur,
1059 2408 1253 2483 clementia
1280 2406 1411 2484 ductus
1436 2412 1579 2482 animos
1605 2412 1781 2483 iratorum
1808 2407 1924 2484 Athe·

341 2539 522 2611 niensium
548 2539 759 2638 composuit
783 2534 883 2634 (vide
908 2539 1046 2638 supra).
1095 2533 1186 2611 Post
1213 2560 1341 2639 pacem
1368 2535 1500 2610 laetam
1526 2534 1771 2610 Demostheni
1796 2533 1924 2611 adrer-

342 2666 425 2736 san'i
450 2687 716 2764 usquequaque
743 2661 960 2735 insidiantur
985 2663 1086 2760 (²⁸⁷),
1121 2662 1273 2753 frustra3
1311 2688 1395 2736 nam
1422 2665 1546 2736 civitas
1572 2665 1696 2765 potins
1723 2661 1924 2738 Athenien·

341 2790 435 2863 sium
460 2790 600 2891 integra
626 2785 775 2891 quidem
800 2786 971 2863 libertate
997 2784 1137 2863 deiecta
1162 2813 1205 2862 ac
1221 2796 1418 2890 prostrata,
1445 2805 1569 2863 tamen
1588 2787 1681 2862 elata
1699 2785 1770 2862 hac
1787 2793 1924 2892 cogita·

340 2918 457 3005 tione,
487 2939 526 2989 se
548 2930 651 2989 certo
677 2918 858 2990 maiorum
884 2912 1000 3018 gloria
1027 2912 1157 3018 dignos
1182 2940 1222 2989 se
1248 2919 1411 3017 gessisse,
1441 2932 1628 2989 auctorem
1654 2913 1763 2988 huius
1787 2916 1926 3017 gloriam

341 3038 496 3143 adeptae
522 3044 686 3144 regique,
717 3066 829 3142 quem
848 3041 1086 3117 vehementer
1111 3038 1278 3130 oderant,
1308 3044 1464 3113 maxime
1489 3039 1734 3114 adversarium
1759 3043 1926 3143 impense

341 3167 527 3242 honorare
553 3192 596 3238 ac
621 3164 808 3237 celebrare
834 3162 1017 3237 studebat.
1059 3163 1191 3265 Itaque
1211 3162 1375 3266 populus
1393 3180 1592 3256 creatums,
1623 3169 1688 3267 qui
1705 3169 1745 3239 in
1762 3165 1925 3244 honores

342 3295 475 3366 civium
500 3289 647 3393 proelio
675 3291 880 3362 occisorum
899 3291 1105 3363 orationem
1122 3290 1316 3364 lunebrem
1333 3288 1500 3382 haberet,
1529 3294 1597 3364 etsi
1614 3289 1830 3385 Aeschines,
1859 3298 1924 3397 qui

342 3418 437 3492 clara
464 3442 528 3492 sua
553 3440 763 3518 sonoraque
788 3439 880 3490 voce
908 3417 1078 3490 omnibus
1104 3432 1288 3519 praestare
1312 3417 1581 3520 reperiebatur,
1609 3416 1655 3493 ad
1673 3416 1769 3494 hanc
1786 3425 1923 3497 oratio·

341 3571 427 3621 nem
452 3541 661 3618 hahendam
687 3546 841 3618 maxime
867 3541 1023 3617 idoneus
1050 3559 1128 3619 erat
1154 3547 1381 3647 propositus,
1407 3560 1444 3619 et
1459 3542 1645 3620 Demades
1662 3543 1776 3621 modo
1793 3574 1923 3651 pacem

341 3673 442 3747 illam
474 3688 612 3774 gratam
643 3686 681 3746 et
711 3685 921 3772 exoptatam
953 3670 1146 3758 effecerat,
1180 3668 1476 3746 honestissimum
1509 3669 1583 3746 hoc
1619 3697 1752 3746 munus
1782 3670 1924 3750 Demo·

384 3981 455 4063 (¹⁸³)
486 3982 592 4044 Aesch.
607 3982 626 4042 l.
638 3981 658 4042 Ι.
673 3980 757 4065 pto.
769 3981 824 4042 20:
846 3981 924 4052 ὑμεῖς
945 3974 976 4042 δὲ
996 3980 1072 4042 κατὰ
1092 3973 1141 4053 μὲν
1161 3979 1229 4048 rode
1248 3976 1375 4070 πρώτους
1395 3977 1518 4069 ’χρόνουο
1539 3978 1602 4044 οὐδ’
1617 3975 1662 4043 s'rri
1683 3979 1721 4043 sd
1741 3976 1923 4064 ψηφίσματα

343 4087 416 4143 εἰᾶτε
436 4080 468 4143 ri
489 4075 690 4155 Δημοσθῖνους
711 4075 878 4167 ἔπιγροῖφειν
899 4073 1000 4153 ὄνομα,
1021 4078 1099 4143 cilici
1120 4078 1279 4144 Ναυσικλεῖ
1294 4087 1376 4144 τοῦτο
1397 4074 1606 4170 ιτροςιτσῖττιτο.

386 4198 457 4278 (¹⁸⁴)
488 4202 616 4286 Lycurgi
638 4213 712 4264 orat.
734 4201 763 4262 in
784 4201 957 4264 Leocratem
979 4201 1043 4264 6et
1056 4203 1106 4263 11.
1138 4200 1224 4264 Dens.
1239 4201 1270 4263 in
1283 4201 1437 4287 Aristogit.
1451 4203 1490 4263 lt
1505 4202 1613 4286 psus.
1634 4204 1702 4264 Vita
1722 4204 1837 4267 Xorat
1857 4206 1921 4289 lly-

344 4302 462 4384 peridis.
485 4302 522 4364 cl.
542 4303 668 4387 Longin.
689 4302 725 4364 de
747 4301 860 4364 sublim.
880 4319 931 4363 xv·
960 4303 990 4363 in
1011 4304 1054 4364 ius
1075 4315 1207 4365 vocatus:
1228 4302 1318 4380 „Hoc
1339 4303 1500 4380 decretum,
1521 4305 1617 4385 inquit
1637 4304 1841 4386 (Hyperides),
1861 4328 1923 4370 non

345 4414 444 4464 orator
464 4402 580 4484 scripsit
600 4404 651 4465 sed
673 4403 817 4485 proelium
840 4401 1094 4465 Chaeroneense.’‘
1247 4401 1317 4484 (⁹⁸⁵)
1348 4404 1439 4466 Diod.
1454 4404 1534 4464 xvi
1550 4404 1599 4467 88.

386 4517 456 4598 (¹⁸⁶)
487 4519 559 4601 Lyc.
581 4521 599 4580 Ι.
612 4521 631 4580 l.
647 4524 684 4582 11
704 4522 784 4597 dicit,
805 4521 991 4607 Areopagum
1011 4533 1080 4584 tunc
1102 4522 1210 4584 civitati
1231 4522 1368 4583 maximae
1389 4522 1472 4583 saluti
1494 4522 1589 4583 luisse.

385 4636 455 4719 (¹⁸⁷)
486 4638 573 4699 Dem.
588 4637 624 4699 de
640 4660 701 4700 cor.
717 4641 827 4723 p.310:
849 4633 896 4700 καὶ
917 4636 989 4711 μετὰ
1008 4643 1102 4701 ταῦτα
1122 4634 1298 4710 συστάντων,
1319 4630 1359 4704 οἷς
1379 4631 1411 4713 ἦν
1432 4630 1560 4710 incessitis
1579 4643 1675 4705 nausis
1694 4631 1853 4713 inissetis,
1872 4639 1921 4706 reni

343 4735 477 4824 γραφάς,
497 4730 641 4807 εὐθύνας,
661 4733 859 4818 ricoeyysiioes,
880 4733 976 4801 πάντα
995 4739 1080 4802 ταῦτ’
1100 4734 1262 4820 ἐπαγόντων
1281 4765 1342 4812 μοι,
1363 4738 1395 4801 οὗ
1417 4735 1458 4801 δι’
1479 4740 1585 4800 {aurcis
1605 4732 1638 4800 το’
1658 4765 1695 4821 γε
1715 4745 1823 4830 πρῶτον
1842 4740 1922 4806 cilici

344 4836 386 4899 δι’
408 4829 445 4898 ιῖιν
465 4832 592 4910 μάλιστα
617 4833 823 4911 ὑπελάμβανον
843 4835 1090 4920 &perstricto-Sar
1110 4874 1150 4888 -
1169 4843 1197 4902 iv
1217 4836 1307 4902 τοίνυν
1327 4834 1436 4906 τούτοις
1459 4844 1532 4901 πᾶσι
1557 4834 1685 4913 μα’λιστα
1710 4831 1757 4916 μιν
1783 4837 1830 4905 ld
1855 4843 1922 4910 rosis

344 4932 448 5009 Sectis,
469 4930 597 5025 δεύτερον
618 4930 649 5000 di
671 4935 713 5000 δι’
733 4940 809 5013 tuac
827 4934 876 5002 ucri
896 4937 963 5007 rotis
983 4933 1091 5007 ἄλλους
1110 4935 1241 5008 ἅπαντας
1258 4935 1434 5015 Ἀθηναίους
1453 4935 1606 5017 decedens.

1605 5049 1638 5126 L
