4636 5940
1225 374 1282 463 36

600 694 708 770 Haud
742 696 897 770 arbitrer
923 691 1091 798 Olyntho
1124 565 1230 794 capti
1256 569 1384 768 iurans
1411 697 1582 770 exarsisse
1616 699 1656 770 in
1680 696 1897 803 Philippum
1921 701 2037 779 Athe·

460 826 641 898 niensium
668 820 808 898 odium.
862 820 1031 922 Namque
1058 821 1129 894 iam
1156 816 1221 892 diu
1235 835 1494 921 exspectatum
1521 837 1611 914 erat,
1644 822 1726 898 iore
1751 843 1794 900 ut
1819 829 1950 903 urbem
1977 855 2040 904 ex·

460 966 651 1054 pugnaret3
680 952 824 1052 ipsique
850 946 1105 1037 Athenienses,
1132 962 1176 1019 ut
1199 942 1357 1039 videtur,
1393 944 1633 1024 destituerant
1659 954 1811 1026 omnino
1838 951 2039 1059 Olynthios

461 1103 505 1152 ex
531 1101 577 1150 eo
602 1091 789 1178 tempore,
825 1099 900 1175 quo
929 1069 1158 1148 Chalcidicos
1185 1068 1323 1174 oppida
1356 1075 1395 1145 in
1422 1071 1601 1149 ditionem
1625 1081 1719 1178 regis
1745 1076 1892 1154 redacta
1920 1099 2036 1176 erant,

461 1220 498 1279 et
522 1202 633 1276 factio
660 1199 925 1304 Olynthiorum
951 1198 1128 1301 Philippo
1156 1201 1267 1299 magis
1293 1201 1480 1300 magisque
1507 1202 1695 1277 conciliari
1721 1221 1867 1308 coepta,
1905 1210 1972 1305 (ita
1997 1227 2040 1285 ut

459 1331 608 1402 minime
634 1324 787 1400 callidus
805 1342 925 1400 emtor
942 1322 1097 1429 Olynthi
1115 1367 1130 1381 ·
1148 1323 1312 1400 Iuvenal.
1328 1323 1474 1404 ΧΠ.47
1490 1371 1504 1384 -
1522 1325 1716 1431 Philippus
1733 1335 1857 1407 vocari
1874 1330 2035 1436 debeat),

460 1480 536 1557 quo
570 1452 702 1528 eodem
732 1452 956 1528 humanitate
987 1455 1081 1554 regis
1113 1454 1151 1525 in
1181 1453 1365 1527 civitatem
1389 1451 1670 1530 Atheniensium
1695 1481 1764 1558 per
1789 1457 1927 1561 legatos
1953 1460 2037 1537 illos

460 1564 603 1682 cognita
636 1576 682 1655 de
713 1604 803 1682 pace
836 1577 996 1655 ineunda
1033 1582 1071 1652 in
1107 1578 1200 1652 urhe
1230 1579 1415 1679 agebatur.
1471 1576 1647 1656 Oratores
1679 1583 1850 1659 consulto
1882 1583 2038 1691 Olynthi

461 1710 657 1784 eversionis
684 1731 834 1810 perraro
863 1709 1088 1781 mentionem
1114 1705 1233 1779 facere
1259 1702 1443 1797 videntur,
1472 1714 1670 1809 propterea
1697 1712 1833 1810 opinor
1854 1711 1956 1813 quod
1975 1739 2037 1788 au·

460 1834 588 1908 xilium
613 1836 763 1908 missum
788 1858 918 1934 parum
943 1827 1359 1933 profuerat-Olynthiis.
1413 1832 1528 1934 Magis
1548 1837 1657 1908 etiam
1673 1836 1837 1938 populus
1854 1842 1954 1939 pacis
1972 1865 2037 1942 ap·

460 1977 589 2062 petens
627 1957 713 2033 inde
751 1960 933 2060 apparuit.
993 1957 1193 2034 Movenmt
1226 1982 1377 2060 quoque
1411 1964 1555 2061 cognati
1588 1985 1717 2035 eorum
1750 1966 1901 2055 civium,
1943 1992 2038 2066 quos

459 2081 627 2186 Olyntho
654 2099 856 2184 expugnata
881 2108 945 2157 rex
971 2081 1107 2157 multos
1132 2098 1292 2185 ceperat,
1321 2084 1444 2159 uthis
1471 2111 1622 2187 operam
1648 2085 1751 2163 daret
1773 2089 1935 2191 populus
1951 2118 2036 2193 pre·

459 2226 594 2285 cantes.
649 2208 747 2282 Tum
772 2206 982 2283 Philocrate
1014 2224 1052 2283 et
1080 2207 1334 2284 Demosthene
1366 2208 1602 2287 suadentibus
1635 2213 1889 2289 Aristodemus
1916 2234 2032 2310 actor,

460 2354 537 2412 arte
562 2362 626 2412 sua
651 2338 727 2438 regi
752 2351 935 2437 acceptus,
965 2338 1003 2409 in
1028 2332 1285 2410 Macedoniam
1310 2340 1438 2412 missus
1465 2355 1531 2414 est.
1581 2336 1658 2433 Qui
1684 2367 1768 2415 cum
1794 2346 1932 2417 circum
1958 2370 2034 2419 me·

460 2463 562 2539 dium
586 2461 898 2539 Boedromionem
924 2465 1010 2536 anni
1035 2460 1204 2537 Thessali
1231 2459 1294 2536 Ol.
1318 2466 1449 2555 1082,
1480 2490 1556 2566 quo
1574 2490 1671 2541 anno
1689 2465 1979 2544 Demosthenem
1997 2474 2036 2544 in

459 2606 645 2664 senatores
669 2592 789 2663 sortiti
814 2603 930 2679 erant,
959 2584 1138 2679 rediisset,
1168 2586 1296 2662 eadem
1322 2615 1404 2663 cum
1431 2593 1616 2691 prioribus
1642 2591 1768 2694 legatis
1795 2591 1842 2669 de
1864 2600 2036 2672 comitate

458 2719 550 2817 regis
576 2715 738 2789 reserens
764 2711 879 2806 addit,
909 2717 1018 2787 etiam
1044 2716 1255 2788 societatem
1281 2717 1373 2786 inire
1399 2712 1529 2789 sedulo
1547 2742 1671 2818 regem
1689 2735 1846 2820 optasse.
1890 2721 2031 2797 Demo·

458 2840 586 2917 sthene
617 2855 768 2943 rogante
799 2864 938 2915 corona
971 2837 1128 2914 donatus
1161 2855 1215 2914 est
1244 2837 1512 2915 Aristodemus.
1567 2842 1665 2917 Tum
1704 2844 1861 2920 alterum
1900 2852 2034 2924 exstitit

457 2966 673 3043 Philocratis
705 2965 893 3041 decretum
924 2967 1041 3041 altero
1074 2993 1123 3039 m.
1152 2962 1353 3041 Boedrom.
1383 2964 1536 3041 dimidio
1552 2971 1656 3066 (¹³⁹),
1691 2987 1733 3046 ut
1764 2969 1960 3050 decemviri
1986 2974 2033 3050 ad

457 3093 671 3197 Philippum
703 3093 811 3195 legati
837 3109 1060 3186 crearentur,
1096 3090 1232 3194 quide
1259 3109 1413 3194 parcet
1440 3092 1486 3167 de
1512 3097 1574 3186 iis,
1611 3121 1704 3195 quae
1731 3114 1768 3172 et
1792 3097 1969 3202 Philippo
1996 3119 2033 3177 et

458 3368 585 3430 exercitu
605 3366 769 3448 proiectum
790 3365 947 3447 Olynthios
974 3364 1086 3427 duobus
1106 3365 1227 3446 proeliis
1248 3366 1341 3425 victos
1367 3365 1398 3424 in
1418 3363 1490 3426 urbe
1511 3366 1743 3440 circumsedisse,
1770 3381 1801 3429 et
1820 3370 1945 3450 primum
1966 3370 2031 3450 qui-

458 3467 524 3529 dem
545 3466 743 3547 frequentibus
764 3477 829 3526 ante
850 3487 948 3526 muros
968 3464 1179 3546 irruptionibus
1199 3464 1305 3525 multos
1325 3463 1431 3525 milites
1452 3463 1628 3545 perdidisse,
1650 3465 1775 3545 denique
1797 3467 1899 3529 urbem
1919 3469 2031 3550 Euthy-

458 3568 544 3629 cratis
565 3579 595 3628 et
613 3566 763 3628 Lasthenis
785 3567 969 3648 proditorum
990 3585 1048 3646 ope
1069 3575 1181 3645 captam
1203 3564 1339 3625 evertisse
1361 3562 1413 3642 (ci.
1435 3563 1520 3624 Dem.
1543 3588 1572 3622 π.
1594 3587 1718 3649 παραπρ.
1740 3564 1758 3623 l.
1773 3586 1798 3625 c.
1821 3579 1850 3626 et
1864 3565 1970 3646 psat.
1993 3566 2031 3627 de

458 3666 600 3729 Cherson.
621 3666 733 3748 p.99.).
775 3665 853 3726 Hinc
881 3663 1096 3741 concludimus,
1123 3664 1174 3726 illa
1199 3663 1257 3725 duo
1284 3663 1398 3746 proelia
1423 3676 1529 3725 aestate
1558 3684 1582 3722 a.
1594 3661 1654 3723 348
1677 3664 1827 3725 commissa
1849 3684 1921 3740 esse,
1942 3665 2032 3749 igitur

457 3767 543 3830 initio
569 3766 635 3826 anni
657 3765 816 3847 Theophili
836 3765 927 3826 Arch.
949 3764 1120 3842 01.108.1,
1146 3764 1204 3841 vel,
1229 3764 1261 3830 id
1286 3763 1365 3844 quod
1388 3785 1404 3825 e
1424 3762 1552 3826 Diodori
1574 3762 1733 3824 rationibus
1753 3780 1866 3826 sumere
1887 3765 1957 3827 licet
1977 3766 2030 3845 (ci.

458 3867 585 3928 Weiske
604 3865 658 3926 111
678 3865 780 3945 nst),
807 3878 932 3928 extrema
958 3878 1039 3947 parte
1066 3863 1235 3926 01.107.4.
1277 3864 1415 3943 Sequitur
1435 3877 1588 3926 anctumno
1610 3863 1733 3945 impetus
1753 3866 1966 3948 in.Olynthum
1987 3867 2030 3926 ia·

458 3977 520 4027 ctus
540 3977 625 4046 atque
647 3963 786 4041 obsessio,
813 3965 865 4027 uhi
885 3965 1042 4027 fortissime
1063 3986 1094 4027 se
1115 3964 1309 4026 defenderunt
1329 3963 1477 4047 Olynthii;
1504 3963 1599 4025 hieme
1620 3984 1654 4025 es
1674 3986 1747 4045 qnae
1768 3978 1891 4050 egerunt
1911 3966 1954 4026 illi
1974 3966 2031 4027 viri

457 4064 535 4127 urhis
556 4065 702 4147 principes
722 4066 827 4126 sensim
848 4067 879 4125 in
899 4065 1027 4148 Philippi
1049 4064 1234 4127 commodum
1254 4065 1341 4141 versi,
1363 4066 1401 4126 ita
1421 4076 1454 4125 ut
1473 4083 1542 4124 vere
1564 4062 1681 4126 ineunte
1701 4086 1727 4126 a.
1742 4064 1803 4126 347
1818 4063 1962 4144 Olynthus
1982 4086 2029 4127 ca-

458 4179 507 4248 pta
532 4179 562 4228 et
587 4165 680 4227 diruta
704 4165 751 4227 sit
794 4164 864 4241 Quo
885 4165 962 4227 sacto
983 4166 1133 4248 Philippus
1154 4185 1190 4226 ex
1209 4166 1315 4248 praeda
1337 4176 1368 4228 et
1388 4162 1491 4225 incolis
1517 4162 1569 4223 sub
1590 4164 1668 4226 hasta
1689 4164 1812 4225 venditis
1833 4163 1950 4225 multam
1971 4166 2030 4228 vim

459 4266 596 4348 pecuniae
617 4265 672 4327 sibi
694 4265 880 4347 comparavit,
904 4285 959 4344 qua
981 4264 1017 4324 ad
1038 4264 1145 4327 bellum
1165 4267 1325 4348 gerendum
1346 4266 1374 4326 ei
1396 4285 1468 4345 opus
1489 4276 1551 4325 erat
1571 4264 1675 4344 (Diod.
1697 4263 1824 4325 xvtsa
1838 4264 1911 4343 lin).
1953 4267 2029 4329 Item

460 4363 581 4428 Clinton
604 4366 638 4426 F.
659 4365 738 4428 Heli.
763 4387 792 4447 p.
803 4364 863 4425 148
891 4366 1132 4449 expugnationem
1159 4365 1281 4447 Olynthi
1308 4386 1377 4428 vere
1404 4361 1502 4425 sats
1522 4364 1628 4446 posuit.
1675 4363 1760 4424 Haud
1780 4365 1871 4426 multo
1892 4380 1960 4446 post
1980 4387 2029 4429 ca-

458 4478 537 4546 ptam
558 4465 717 4548 Olynthum
734 4458 880 4536 ’ordume
901 4466 975 4542 (non
995 4462 1032 4524 sd
1051 4459 1197 4536 Ὀλύμπια
1217 4467 1288 4527 dixit
1307 4464 1472 4543 Diodorus)
1492 4462 1615 4525 instituit
1634 4462 1793 4545 Philippus,
1814 4465 1937 4549 insignia
1949 4485 2030 4528 sacra

458 4564 523 4625 Diis
544 4565 662 4643 faciem,
683 4586 754 4630 vere
770 4578 817 4628 aut
836 4577 941 4627 aestate
961 4585 988 4626 a.
1003 4564 1075 4642 347,
1096 4565 1127 4625 id
1148 4566 1228 4647 quod
1247 4564 1360 4628 solebat
1379 4585 1467 4647 agere
1487 4564 1611 4626 victoria
1631 4576 1711 4644 parta
1732 4565 1813 4642 (vide
1828 4565 1910 4627 locos
1925 4566 2027 4628 citatos

458 4682 504 4744 ap.
526 4661 657 4726 Clinton.
680 4666 699 4726 l.
710 4666 786 4746 1.)st

500 4766 570 4849 (¹³⁹)
601 4771 706 4832 Aesch.
727 4766 790 4860 περὶ
810 4767 915 4861 πριτβ.
935 4772 1083 4854 ptest:
1109 4770 1173 4831 ἀλλ’
1199 4773 1228 4832 iv
1248 4775 1283 4851 τῇ
1303 4769 1376 4850 sst’rqi
1395 4765 1482 4856 ἧμίρᾳ
1502 4765 1566 4857 περί
1582 4795 1613 4831 τι
1633 4775 1683 4846 τῆς
1703 4766 1807 4859 εἰρήνης
1828 4765 2028 4838 ἐβουλεύεσθε

458 4864 505 4931 nsi
525 4873 575 4942 τῆς
594 4869 745 4941 ἐπιστολῆς
764 4869 948 4949 iuodmss'fc
966 4865 1125 4960 Προξὲνου,
1147 4866 1189 4934 i'ss
1209 4876 1313 4938 Φωκεῖς
1334 4870 1366 4934 oti
1385 4864 1621 4960 παραδεδώκασιν
1641 4871 1721 4953 αὐτῷ
1739 4869 1777 4933 sd
1797 4865 1909 4958 χωρία,
1934 4865 1983 4934 uei
2003 4873 2028 4933 oi
