<?xml version="1.0" encoding="UTF-8"?>
<!DOCTYPE html PUBLIC "-//W3C//DTD XHTML 1.0 Transitional//EN"
    "http://www.w3.org/TR/xhtml1/DTD/xhtml1-transitional.dtd">
<html xmlns="http://www.w3.org/1999/xhtml" xml:lang="en" lang="en">
 <head>
  <title>
</title>
<meta http-equiv="Content-Type" content="text/html;charset=utf-8" />
  <meta name='ocr-system' content='tesseract 3.04.00' />
  <meta name='ocr-capabilities' content='ocr_page ocr_carea ocr_par ocr_line ocrx_word'/>
</head>
<body>
  <div class='ocr_page' id='page_1' title='image "./deaeschinisorat00stecgoog_0064.png"; bbox 0 0 4636 5940; ppageno 0'>
   <div class='ocr_carea' id='block_1_1' title="bbox 279 330 1866 3770">
    <p class='ocr_par' dir='ltr' id='par_1_1' title="bbox 279 330 1866 3770">
     <span class='ocr_line' id='line_1_1' title="bbox 1401 330 1807 417; baseline -0.005 -12"><span class='ocrx_word' id='word_1_1' title='bbox 1401 360 1423 417; x_wconf 75' lang='grc' dir='ltr'><em>ε</em></span> <span class='ocrx_word' id='word_1_2' title='bbox 1770 330 1807 403; x_wconf 72' lang='grc' dir='ltr'>Ι</span> 
     </span>
     <span class='ocr_line' id='line_1_2' title="bbox 907 437 1100 528; baseline 0 0"><span class='ocrx_word' id='word_1_3' title='bbox 907 440 923 469; x_wconf 83' lang='lat'><strong>&#39;&#39;</strong></span> <span class='ocrx_word' id='word_1_4' title='bbox 1043 437 1100 528; x_wconf 82' lang='lat'><strong>53</strong></span> 
     </span>
     <span class='ocr_line' id='line_1_3' title="bbox 283 629 1864 738; baseline -0.003 -26"><span class='ocrx_word' id='word_1_5' title='bbox 283 656 360 712; x_wconf 92' lang='lat' dir='ltr'><strong>tum</strong></span> <span class='ocrx_word' id='word_1_6' title='bbox 393 652 521 738; x_wconf 87' lang='lat' dir='ltr'><strong>aperto</strong></span> <span class='ocrx_word' id='word_1_7' title='bbox 555 633 747 710; x_wconf 72' lang='lat' dir='ltr'>dissedisse</span> <span class='ocrx_word' id='word_1_8' title='bbox 781 632 869 707; x_wconf 92' lang='lat' dir='ltr'><strong>odio</strong></span> <span class='ocrx_word' id='word_1_9' title='bbox 898 657 919 705; x_wconf 94' lang='lat' dir='ltr'><strong>a</strong></span> <span class='ocrx_word' id='word_1_10' title='bbox 942 629 1131 705; x_wconf 90' lang='lat' dir='ltr'><strong>Thebanis</strong></span> <span class='ocrx_word' id='word_1_11' title='bbox 1159 633 1264 731; x_wconf 81' lang='grc'><strong>(200).</strong></span> <span class='ocrx_word' id='word_1_12' title='bbox 1307 631 1377 706; x_wconf 93' lang='lat' dir='ltr'><strong>Ille</strong></span> <span class='ocrx_word' id='word_1_13' title='bbox 1403 631 1580 734; x_wconf 88' lang='lat' dir='ltr'><strong>gloriatur</strong></span> <span class='ocrx_word' id='word_1_14' title='bbox 1605 656 1648 708; x_wconf 89' lang='lat' dir='ltr'><strong>ac</strong></span> <span class='ocrx_word' id='word_1_15' title='bbox 1662 632 1783 725; x_wconf 61' lang='lat' dir='ltr'><strong>salsae</strong></span> <span class='ocrx_word' id='word_1_16' title='bbox 1810 632 1864 709; x_wconf 93' lang='lat' dir='ltr'><strong>le·</strong></span> 
     </span>
     <span class='ocr_line' id='line_1_4' title="bbox 282 755 1862 867; baseline -0.003 -29"><span class='ocrx_word' id='word_1_17' title='bbox 282 766 437 867; x_wconf 88' lang='lat' dir='ltr'><strong>gationis</strong></span> <span class='ocrx_word' id='word_1_18' title='bbox 462 787 546 837; x_wconf 91' lang='lat' dir='ltr'><strong>reus</strong></span> <span class='ocrx_word' id='word_1_19' title='bbox 574 777 681 836; x_wconf 90' lang='lat' dir='ltr'><strong>testes</strong></span> <span class='ocrx_word' id='word_1_20' title='bbox 706 760 936 834; x_wconf 85' lang='lat' dir='ltr'><strong>Boeotorum</strong></span> <span class='ocrx_word' id='word_1_21' title='bbox 963 775 1002 834; x_wconf 90' lang='lat' dir='ltr'><strong>et</strong></span> <span class='ocrx_word' id='word_1_22' title='bbox 1025 756 1272 835; x_wconf 91' lang='lat' dir='ltr'><strong>Phocensium</strong></span> <span class='ocrx_word' id='word_1_23' title='bbox 1297 755 1491 860; x_wconf 88' lang='lat' dir='ltr'><strong>producit,</strong></span> <span class='ocrx_word' id='word_1_24' title='bbox 1528 785 1596 834; x_wconf 88' lang='lat' dir='ltr'><strong>suo</strong></span> <span class='ocrx_word' id='word_1_25' title='bbox 1622 758 1745 835; x_wconf 91' lang='lat' dir='ltr'><strong>studio</strong></span> <span class='ocrx_word' id='word_1_26' title='bbox 1771 785 1862 834; x_wconf 92' lang='lat' dir='ltr'><strong>con·</strong></span> 
     </span>
     <span class='ocr_line' id='line_1_5' title="bbox 282 884 1865 990; baseline -0.003 -25"><span class='ocrx_word' id='word_1_27' title='bbox 282 889 403 964; x_wconf 90' lang='lat' dir='ltr'><strong>silium</strong></span> <span class='ocrx_word' id='word_1_28' title='bbox 428 887 667 980; x_wconf 89' lang='lat' dir='ltr'><strong>Oetaeorum,</strong></span> <span class='ocrx_word' id='word_1_29' title='bbox 701 902 743 961; x_wconf 91' lang='lat' dir='ltr'><strong>ut</strong></span> <span class='ocrx_word' id='word_1_30' title='bbox 767 885 990 978; x_wconf 76' lang='lat' dir='ltr'><strong>Phocenses,</strong></span> <span class='ocrx_word' id='word_1_31' title='bbox 1028 901 1215 988; x_wconf 88' lang='lat' dir='ltr'><strong>quotquot</strong></span> <span class='ocrx_word' id='word_1_32' title='bbox 1247 901 1367 961; x_wconf 91' lang='lat' dir='ltr'><strong>essent</strong></span> <span class='ocrx_word' id='word_1_33' title='bbox 1391 887 1564 989; x_wconf 84' lang='lat' dir='ltr'><strong>puberes,</strong></span> <span class='ocrx_word' id='word_1_34' title='bbox 1600 884 1646 961; x_wconf 94' lang='lat' dir='ltr'><strong>de</strong></span> <span class='ocrx_word' id='word_1_35' title='bbox 1671 889 1865 990; x_wconf 81' lang='lat' dir='ltr'><strong>praecipiti</strong></span> 
     </span>
     <span class='ocr_line' id='line_1_6' title="bbox 283 1001 1862 1121; baseline -0.003 -30"><span class='ocrx_word' id='word_1_36' title='bbox 283 1041 370 1091; x_wconf 84' lang='lat' dir='ltr'><strong>saxo</strong></span> <span class='ocrx_word' id='word_1_37' title='bbox 397 1015 652 1106; x_wconf 89' lang='lat' dir='ltr'><strong>deiicerentur,</strong></span> <span class='ocrx_word' id='word_1_38' title='bbox 682 1016 825 1088; x_wconf 88' lang='lat' dir='ltr'><strong>irritum</strong></span> <span class='ocrx_word' id='word_1_39' title='bbox 851 1013 988 1088; x_wconf 85' lang='lat' dir='ltr'><strong>factum</strong></span> <span class='ocrx_word' id='word_1_40' title='bbox 1013 1037 1091 1086; x_wconf 91' lang='lat' dir='ltr'><strong>esse</strong></span> <span class='ocrx_word' id='word_1_41' title='bbox 1118 1007 1205 1119; x_wconf 74' lang='grc' dir='ltr'><strong>(περὶ</strong></span> <span class='ocrx_word' id='word_1_42' title='bbox 1222 1001 1348 1121; x_wconf 68' lang='lat' dir='ltr'><strong>specil.</strong></span> <span class='ocrx_word' id='word_1_43' title='bbox 1369 1038 1410 1115; x_wconf 87' lang='lat' dir='ltr'><strong>p.</strong></span> <span class='ocrx_word' id='word_1_44' title='bbox 1423 1015 1471 1090; x_wconf 74' lang='grc'><strong>47</strong></span> <span class='ocrx_word' id='word_1_45' title='bbox 1486 1017 1572 1109; x_wconf 89' lang='lat' dir='ltr'><strong>in.).</strong></span> <span class='ocrx_word' id='word_1_46' title='bbox 1611 1014 1805 1091; x_wconf 92' lang='lat' dir='ltr'><strong>Postremo</strong></span> <span class='ocrx_word' id='word_1_47' title='bbox 1823 1009 1862 1087; x_wconf 95' lang='lat' dir='ltr'><strong>id</strong></span> 
     </span>
     <span class='ocr_line' id='line_1_7' title="bbox 283 1136 1859 1241; baseline -0.002 -24"><span class='ocrx_word' id='word_1_48' title='bbox 283 1142 471 1219; x_wconf 89' lang='lat' dir='ltr'><strong>decretum</strong></span> <span class='ocrx_word' id='word_1_49' title='bbox 495 1142 632 1216; x_wconf 85' lang='lat' dir='ltr'><strong>lactum</strong></span> <span class='ocrx_word' id='word_1_50' title='bbox 659 1156 713 1215; x_wconf 88' lang='lat' dir='ltr'><strong>est</strong></span> <span class='ocrx_word' id='word_1_51' title='bbox 739 1138 786 1214; x_wconf 92' lang='lat' dir='ltr'><strong>de</strong></span> <span class='ocrx_word' id='word_1_52' title='bbox 806 1138 1072 1230; x_wconf 87' lang='lat' dir='ltr'><strong>Phocensibus,</strong></span> <span class='ocrx_word' id='word_1_53' title='bbox 1103 1136 1204 1240; x_wconf 91' lang='lat' dir='ltr'><strong>quod</strong></span> <span class='ocrx_word' id='word_1_54' title='bbox 1231 1139 1385 1240; x_wconf 90' lang='lat' dir='ltr'><strong>legimus</strong></span> <span class='ocrx_word' id='word_1_55' title='bbox 1410 1136 1507 1241; x_wconf 88' lang='lat' dir='ltr'><strong>apud</strong></span> <span class='ocrx_word' id='word_1_56' title='bbox 1528 1138 1739 1214; x_wconf 88' lang='lat' dir='ltr'><strong>Diodorum</strong></span> <span class='ocrx_word' id='word_1_57' title='bbox 1753 1141 1859 1240; x_wconf 81' lang='grc'><strong>(200),</strong></span> 
     </span>
     <span class='ocr_line' id='line_1_8' title="bbox 284 1263 1866 1372; baseline -0.002 -28"><span class='ocrx_word' id='word_1_58' title='bbox 284 1268 460 1372; x_wconf 91' lang='lat' dir='ltr'><strong>quodque</strong></span> <span class='ocrx_word' id='word_1_59' title='bbox 485 1265 757 1342; x_wconf 86' lang='lat' dir='ltr'><strong>Demosthenes</strong></span> <span class='ocrx_word' id='word_1_60' title='bbox 785 1265 949 1369; x_wconf 89' lang='lat' dir='ltr'><strong>quidem,</strong></span> <span class='ocrx_word' id='word_1_61' title='bbox 986 1281 1028 1340; x_wconf 90' lang='lat' dir='ltr'><strong>ut</strong></span> <span class='ocrx_word' id='word_1_62' title='bbox 1053 1265 1180 1341; x_wconf 89' lang='lat' dir='ltr'><strong>odium</strong></span> <span class='ocrx_word' id='word_1_63' title='bbox 1205 1263 1382 1369; x_wconf 92' lang='lat' dir='ltr'><strong>Philippo</strong></span> <span class='ocrx_word' id='word_1_64' title='bbox 1410 1283 1447 1340; x_wconf 92' lang='lat' dir='ltr'><strong>et</strong></span> <span class='ocrx_word' id='word_1_65' title='bbox 1472 1264 1645 1340; x_wconf 83' lang='lat' dir='ltr'><strong>Aeschini</strong></span> <span class='ocrx_word' id='word_1_66' title='bbox 1672 1269 1775 1368; x_wconf 89' lang='lat' dir='ltr'><strong>quasi</strong></span> <span class='ocrx_word' id='word_1_67' title='bbox 1800 1293 1866 1354; x_wconf 62' lang='lat' dir='ltr'><strong>au·,</strong></span> 
     </span>
     <span class='ocr_line' id='line_1_9' title="bbox 282 1390 1864 1496; baseline -0.002 -26"><span class='ocrx_word' id='word_1_68' title='bbox 282 1399 375 1471; x_wconf 89' lang='lat' dir='ltr'><strong>ctori</strong></span> <span class='ocrx_word' id='word_1_69' title='bbox 394 1394 606 1470; x_wconf 75' lang='lat' dir='ltr'><strong>calamitatis</strong></span> <span class='ocrx_word' id='word_1_70' title='bbox 626 1391 815 1485; x_wconf 78' lang='lat' dir='ltr'><strong>conflaret,</strong></span> <span class='ocrx_word' id='word_1_71' title='bbox 839 1391 1129 1468; x_wconf 89' lang='lat' dir='ltr'><strong>crudelissimum</strong></span> <span class='ocrx_word' id='word_1_72' title='bbox 1149 1391 1314 1496; x_wconf 82' lang='lat' dir='ltr'><strong>depingit</strong></span> <span class='ocrx_word' id='word_1_73' title='bbox 1333 1393 1437 1491; x_wconf 75' lang='grc'><strong>(200).</strong></span> <span class='ocrx_word' id='word_1_74' title='bbox 1465 1390 1546 1467; x_wconf 82' lang='lat' dir='ltr'><strong>Rex</strong></span> <span class='ocrx_word' id='word_1_75' title='bbox 1567 1396 1617 1467; x_wconf 91' lang='lat' dir='ltr'><strong>ita</strong></span> <span class='ocrx_word' id='word_1_76' title='bbox 1637 1395 1714 1468; x_wconf 89' lang='lat' dir='ltr'><strong>sine</strong></span> <span class='ocrx_word' id='word_1_77' title='bbox 1735 1392 1864 1467; x_wconf 90' lang='lat' dir='ltr'><strong>labore</strong></span> 
     </span>
     <span class='ocr_line' id='line_1_10' title="bbox 280 1518 1862 1622; baseline -0.003 -25"><span class='ocrx_word' id='word_1_78' title='bbox 280 1527 400 1597; x_wconf 82' lang='lat' dir='ltr'><strong>victor</strong></span> <span class='ocrx_word' id='word_1_79' title='bbox 423 1521 539 1596; x_wconf 84' lang='lat' dir='ltr'><strong>lautas</strong></span> <span class='ocrx_word' id='word_1_80' title='bbox 567 1519 693 1622; x_wconf 86' lang='lat' dir='ltr'><strong>epulas</strong></span> <span class='ocrx_word' id='word_1_81' title='bbox 719 1518 764 1596; x_wconf 95' lang='lat' dir='ltr'><strong>ad</strong></span> <span class='ocrx_word' id='word_1_82' title='bbox 790 1521 981 1595; x_wconf 78' lang='lat' dir='ltr'><strong>victoriam</strong></span> <span class='ocrx_word' id='word_1_83' title='bbox 1007 1518 1264 1594; x_wconf 84' lang='lat' dir='ltr'><strong>celebrandam</strong></span> <span class='ocrx_word' id='word_1_84' title='bbox 1284 1522 1453 1612; x_wconf 90' lang='lat' dir='ltr'><strong>instituit,</strong></span> <span class='ocrx_word' id='word_1_85' title='bbox 1484 1521 1618 1621; x_wconf 91' lang='lat' dir='ltr'><strong>quibus</strong></span> <span class='ocrx_word' id='word_1_86' title='bbox 1643 1518 1794 1594; x_wconf 89' lang='lat' dir='ltr'><strong>aderant</strong></span> <span class='ocrx_word' id='word_1_87' title='bbox 1815 1519 1862 1593; x_wconf 87' lang='lat' dir='ltr'><strong>ab</strong></span> 
     </span>
     <span class='ocr_line' id='line_1_11' title="bbox 283 1644 1863 1748; baseline -0.001 -26"><span class='ocrx_word' id='word_1_88' title='bbox 283 1673 328 1722; x_wconf 94' lang='lat' dir='ltr'><strong>eo</strong></span> <span class='ocrx_word' id='word_1_89' title='bbox 361 1649 502 1723; x_wconf 81' lang='lat' dir='ltr'><strong>inritati</strong></span> <span class='ocrx_word' id='word_1_90' title='bbox 534 1645 643 1748; x_wconf 90' lang='lat' dir='ltr'><strong>legati</strong></span> <span class='ocrx_word' id='word_1_91' title='bbox 668 1645 914 1738; x_wconf 89' lang='lat' dir='ltr'><strong>Graecorum,</strong></span> <span class='ocrx_word' id='word_1_92' title='bbox 950 1650 1045 1722; x_wconf 92' lang='lat' dir='ltr'><strong>inter</strong></span> <span class='ocrx_word' id='word_1_93' title='bbox 1070 1645 1139 1720; x_wconf 95' lang='lat' dir='ltr'><strong>hos</strong></span> <span class='ocrx_word' id='word_1_94' title='bbox 1165 1644 1409 1721; x_wconf 87' lang='lat' dir='ltr'><strong>Athenienses</strong></span> <span class='ocrx_word' id='word_1_95' title='bbox 1435 1662 1474 1720; x_wconf 89' lang='lat' dir='ltr'><strong>et</strong></span> <span class='ocrx_word' id='word_1_96' title='bbox 1498 1645 1710 1720; x_wconf 81' lang='lat' dir='ltr'><strong>Aeschines.</strong></span> <span class='ocrx_word' id='word_1_97' title='bbox 1758 1644 1863 1720; x_wconf 90' lang='lat' dir='ltr'><strong>Idem</strong></span> 
     </span>
     <span class='ocr_line' id='line_1_12' title="bbox 281 1770 1861 1876; baseline -0.001 -28"><span class='ocrx_word' id='word_1_98' title='bbox 281 1790 360 1848; x_wconf 90' lang='lat' dir='ltr'><strong>tum</strong></span> <span class='ocrx_word' id='word_1_99' title='bbox 385 1773 525 1847; x_wconf 89' lang='lat' dir='ltr'><strong>litteras</strong></span> <span class='ocrx_word' id='word_1_100' title='bbox 551 1775 661 1848; x_wconf 90' lang='lat' dir='ltr'><strong>mittit</strong></span> <span class='ocrx_word' id='word_1_101' title='bbox 685 1772 861 1865; x_wconf 87' lang='lat' dir='ltr'><strong>Athenas,</strong></span> <span class='ocrx_word' id='word_1_102' title='bbox 900 1775 1035 1874; x_wconf 73' lang='lat' dir='ltr'><strong>‹pribus</strong></span> <span class='ocrx_word' id='word_1_103' title='bbox 1061 1788 1270 1847; x_wconf 88' lang='lat' dir='ltr'><strong>exsecutum</strong></span> <span class='ocrx_word' id='word_1_104' title='bbox 1295 1797 1348 1865; x_wconf 86' lang='lat' dir='ltr'><strong>se,</strong></span> <span class='ocrx_word' id='word_1_105' title='bbox 1378 1770 1480 1875; x_wconf 93' lang='lat' dir='ltr'><strong>quod</strong></span> <span class='ocrx_word' id='word_1_106' title='bbox 1507 1774 1553 1847; x_wconf 92' lang='lat' dir='ltr'><strong>ab</strong></span> <span class='ocrx_word' id='word_1_107' title='bbox 1580 1772 1861 1876; x_wconf 86' lang='lat' dir='ltr'><strong>Amphictyoni·</strong></span> 
     </span>
     <span class='ocr_line' id='line_1_13' title="bbox 281 1896 1860 2003; baseline 0.001 -30"><span class='ocrx_word' id='word_1_108' title='bbox 281 1902 351 1975; x_wconf 90' lang='lat' dir='ltr'><strong>bus</strong></span> <span class='ocrx_word' id='word_1_109' title='bbox 377 1903 417 1973; x_wconf 94' lang='lat' dir='ltr'><strong>in</strong></span> <span class='ocrx_word' id='word_1_110' title='bbox 440 1897 649 1975; x_wconf 86' lang='lat' dir='ltr'><strong>Phocenses</strong></span> <span class='ocrx_word' id='word_1_111' title='bbox 676 1897 864 1974; x_wconf 87' lang='lat' dir='ltr'><strong>decretum</strong></span> <span class='ocrx_word' id='word_1_112' title='bbox 890 1915 1003 1992; x_wconf 90' lang='lat' dir='ltr'><strong>esset,</strong></span> <span class='ocrx_word' id='word_1_113' title='bbox 1039 1902 1222 1975; x_wconf 89' lang='lat' dir='ltr'><strong>nuntiasse</strong></span> <span class='ocrx_word' id='word_1_114' title='bbox 1248 1896 1429 2002; x_wconf 88' lang='lat' dir='ltr'><strong>valdeque</strong></span> <span class='ocrx_word' id='word_1_115' title='bbox 1456 1916 1678 2003; x_wconf 87' lang='lat' dir='ltr'><strong>conquestus</strong></span> <span class='ocrx_word' id='word_1_116' title='bbox 1704 1925 1782 1974; x_wconf 92' lang='lat' dir='ltr'><strong>esse</strong></span> <span class='ocrx_word' id='word_1_117' title='bbox 1809 1900 1860 1974; x_wconf 84' lang='lat' dir='ltr'><strong>vi·</strong></span> 
     </span>
     <span class='ocr_line' id='line_1_14' title="bbox 281 2022 1862 2130; baseline 0 -31"><span class='ocrx_word' id='word_1_118' title='bbox 281 2026 401 2119; x_wconf 89' lang='lat' dir='ltr'><strong>detur,</strong></span> <span class='ocrx_word' id='word_1_119' title='bbox 431 2022 533 2129; x_wconf 91' lang='lat' dir='ltr'><strong>quod</strong></span> <span class='ocrx_word' id='word_1_120' title='bbox 560 2029 725 2129; x_wconf 88' lang='lat' dir='ltr'><strong>ipsorum</strong></span> <span class='ocrx_word' id='word_1_121' title='bbox 750 2031 892 2102; x_wconf 89' lang='lat' dir='ltr'><strong>ratione</strong></span> <span class='ocrx_word' id='word_1_122' title='bbox 918 2028 1084 2130; x_wconf 90' lang='lat' dir='ltr'><strong>ambigua</strong></span> <span class='ocrx_word' id='word_1_123' title='bbox 1110 2053 1153 2102; x_wconf 88' lang='lat' dir='ltr'><strong>ac</strong></span> <span class='ocrx_word' id='word_1_124' title='bbox 1172 2025 1378 2102; x_wconf 87' lang='lat' dir='ltr'><strong>diffidentia</strong></span> <span class='ocrx_word' id='word_1_125' title='bbox 1399 2026 1582 2103; x_wconf 88' lang='lat' dir='ltr'><strong>cohibitus</strong></span> <span class='ocrx_word' id='word_1_126' title='bbox 1604 2025 1862 2101; x_wconf 89' lang='lat' dir='ltr'><strong>emolumentis</strong></span> 
     </span>
     <span class='ocr_line' id='line_1_15' title="bbox 280 2150 1862 2256; baseline 0 -30"><span class='ocrx_word' id='word_1_127' title='bbox 280 2151 507 2256; x_wconf 89' lang='lat' dir='ltr'><strong>reipublicae</strong></span> <span class='ocrx_word' id='word_1_128' title='bbox 539 2156 659 2227; x_wconf 89' lang='lat' dir='ltr'><strong>minus</strong></span> <span class='ocrx_word' id='word_1_129' title='bbox 693 2153 885 2229; x_wconf 87' lang='lat' dir='ltr'><strong>consulere</strong></span> <span class='ocrx_word' id='word_1_130' title='bbox 919 2157 1100 2256; x_wconf 91' lang='lat' dir='ltr'><strong>potuisset</strong></span> <span class='ocrx_word' id='word_1_131' title='bbox 1125 2156 1229 2253; x_wconf 85' lang='lat'><strong>(²⁰⁶).</strong></span> <span class='ocrx_word' id='word_1_132' title='bbox 1273 2153 1464 2230; x_wconf 88' lang='lat' dir='ltr'><strong>Venerunt</strong></span> <span class='ocrx_word' id='word_1_133' title='bbox 1496 2150 1644 2245; x_wconf 89' lang='lat' dir='ltr'><strong>deinde,</strong></span> <span class='ocrx_word' id='word_1_134' title='bbox 1680 2153 1862 2256; x_wconf 83' lang='lat' dir='ltr'><strong>legatione</strong></span> 
     </span>
     <span class='ocr_line' id='line_1_16' title="bbox 279 2277 1858 2381; baseline -0.001 -29"><span class='ocrx_word' id='word_1_135' title='bbox 279 2279 560 2353; x_wconf 88' lang='lat' dir='ltr'><strong>Atheniensium</strong></span> <span class='ocrx_word' id='word_1_136' title='bbox 592 2281 664 2351; x_wconf 90' lang='lat' dir='ltr'><strong>iam</strong></span> <span class='ocrx_word' id='word_1_137' title='bbox 697 2303 876 2378; x_wconf 89' lang='lat' dir='ltr'><strong>regressa,</strong></span> <span class='ocrx_word' id='word_1_138' title='bbox 911 2278 1174 2354; x_wconf 87' lang='lat' dir='ltr'><strong>Thessalorum</strong></span> <span class='ocrx_word' id='word_1_139' title='bbox 1212 2296 1250 2355; x_wconf 91' lang='lat' dir='ltr'><strong>et</strong></span> <span class='ocrx_word' id='word_1_140' title='bbox 1281 2277 1445 2381; x_wconf 92' lang='lat' dir='ltr'><strong>Philippi</strong></span> <span class='ocrx_word' id='word_1_141' title='bbox 1478 2279 1588 2381; x_wconf 90' lang='lat' dir='ltr'><strong>legati</strong></span> <span class='ocrx_word' id='word_1_142' title='bbox 1618 2278 1858 2381; x_wconf 89' lang='lat' dir='ltr'><strong>postulaturi,</strong></span> 
     </span>
     <span class='ocr_line' id='line_1_17' title="bbox 281 2401 1861 2508; baseline -0.001 -31"><span class='ocrx_word' id='word_1_143' title='bbox 281 2421 322 2478; x_wconf 88' lang='lat' dir='ltr'><strong>ut</strong></span> <span class='ocrx_word' id='word_1_144' title='bbox 348 2401 497 2477; x_wconf 89' lang='lat' dir='ltr'><strong>decreto</strong></span> <span class='ocrx_word' id='word_1_145' title='bbox 523 2401 621 2477; x_wconf 85' lang='lat' dir='ltr'><strong>iacto</strong></span> <span class='ocrx_word' id='word_1_146' title='bbox 647 2401 890 2480; x_wconf 89' lang='lat' dir='ltr'><strong>Athenienses</strong></span> <span class='ocrx_word' id='word_1_147' title='bbox 915 2404 1130 2507; x_wconf 91' lang='lat' dir='ltr'><strong>Philippum</strong></span> <span class='ocrx_word' id='word_1_148' title='bbox 1155 2403 1465 2508; x_wconf 86' lang='lat' dir='ltr'><strong>Amphictyonem</strong></span> <span class='ocrx_word' id='word_1_149' title='bbox 1494 2421 1743 2506; x_wconf 82' lang='lat' dir='ltr'><strong>agnoscerent.</strong></span> <span class='ocrx_word' id='word_1_150' title='bbox 1783 2402 1861 2476; x_wconf 89' lang='lat' dir='ltr'><strong>Tu-</strong></span> 
     </span>
     <span class='ocr_line' id='line_1_18' title="bbox 283 2527 1859 2633; baseline 0 -31"><span class='ocrx_word' id='word_1_151' title='bbox 283 2529 487 2604; x_wconf 90' lang='lat' dir='ltr'><strong>multuante</strong></span> <span class='ocrx_word' id='word_1_152' title='bbox 514 2529 666 2603; x_wconf 88' lang='lat' dir='ltr'><strong>ecclesia</strong></span> <span class='ocrx_word' id='word_1_153' title='bbox 687 2528 902 2623; x_wconf 89' lang='lat' dir='ltr'><strong>Aeschines,</strong></span> <span class='ocrx_word' id='word_1_154' title='bbox 931 2533 961 2605; x_wconf 87' lang='lat' dir='ltr'><strong>si</strong></span> <span class='ocrx_word' id='word_1_155' title='bbox 988 2556 1060 2633; x_wconf 85' lang='lat' dir='ltr'><strong>qua</strong></span> <span class='ocrx_word' id='word_1_156' title='bbox 1086 2533 1268 2605; x_wconf 90' lang='lat' dir='ltr'><strong>accusanti</strong></span> <span class='ocrx_word' id='word_1_157' title='bbox 1289 2528 1534 2606; x_wconf 88' lang='lat' dir='ltr'><strong>Demostheni</strong></span> <span class='ocrx_word' id='word_1_158' title='bbox 1559 2527 1664 2622; x_wconf 89' lang='lat' dir='ltr'><strong>fides,</strong></span> <span class='ocrx_word' id='word_1_159' title='bbox 1694 2528 1739 2603; x_wconf 89' lang='lat' dir='ltr'><strong>ad</strong></span> <span class='ocrx_word' id='word_1_160' title='bbox 1762 2529 1859 2630; x_wconf 89' lang='lat' dir='ltr'><strong>lega·</strong></span> 
     </span>
     <span class='ocr_line' id='line_1_19' title="bbox 281 2652 1862 2758; baseline 0.001 -28"><span class='ocrx_word' id='word_1_161' title='bbox 281 2672 339 2730; x_wconf 90' lang='lat' dir='ltr'><strong>tos</strong></span> <span class='ocrx_word' id='word_1_162' title='bbox 364 2653 531 2757; x_wconf 91' lang='lat' dir='ltr'><strong>Philippi</strong></span> <span class='ocrx_word' id='word_1_163' title='bbox 555 2670 765 2756; x_wconf 87' lang='lat' dir='ltr'><strong>praesentes</strong></span> <span class='ocrx_word' id='word_1_164' title='bbox 791 2652 924 2728; x_wconf 86' lang='lat' dir='ltr'><strong>durum</strong></span> <span class='ocrx_word' id='word_1_165' title='bbox 950 2654 1045 2728; x_wconf 90' lang='lat' dir='ltr'><strong>istud</strong></span> <span class='ocrx_word' id='word_1_166' title='bbox 1072 2658 1225 2732; x_wconf 88' lang='lat' dir='ltr'><strong>verbum</strong></span> <span class='ocrx_word' id='word_1_167' title='bbox 1252 2659 1320 2731; x_wconf 87' lang='lat' dir='ltr'><strong>ait:</strong></span> <span class='ocrx_word' id='word_1_168' title='bbox 1350 2655 1485 2731; x_wconf 90' lang='lat' dir='ltr'><strong>multos</strong></span> <span class='ocrx_word' id='word_1_169' title='bbox 1514 2656 1664 2758; x_wconf 91' lang='lat' dir='ltr'><strong>quidem</strong></span> <span class='ocrx_word' id='word_1_170' title='bbox 1691 2682 1768 2731; x_wconf 91' lang='lat' dir='ltr'><strong>esse</strong></span> <span class='ocrx_word' id='word_1_171' title='bbox 1797 2658 1862 2758; x_wconf 87' lang='lat' dir='ltr'><strong>qui</strong></span> 
     </span>
     <span class='ocr_line' id='line_1_20' title="bbox 282 2780 1861 2884; baseline -0.001 -28"><span class='ocrx_word' id='word_1_172' title='bbox 282 2782 557 2883; x_wconf 88' lang='lat' dir='ltr'><strong>obstreperent,</strong></span> <span class='ocrx_word' id='word_1_173' title='bbox 591 2804 718 2854; x_wconf 82' lang='lat' dir='ltr'><strong>rerum</strong></span> <span class='ocrx_word' id='word_1_174' title='bbox 744 2805 882 2882; x_wconf 91' lang='lat' dir='ltr'><strong>paucos</strong></span> <span class='ocrx_word' id='word_1_175' title='bbox 908 2784 990 2883; x_wconf 92' lang='lat' dir='ltr'><strong>qui,</strong></span> <span class='ocrx_word' id='word_1_176' title='bbox 1026 2784 1056 2856; x_wconf 88' lang='lat' dir='ltr'><strong>si</strong></span> <span class='ocrx_word' id='word_1_177' title='bbox 1082 2807 1176 2884; x_wconf 89' lang='lat' dir='ltr'><strong>opus</strong></span> <span class='ocrx_word' id='word_1_178' title='bbox 1201 2799 1316 2875; x_wconf 89' lang='lat' dir='ltr'><strong>esset,</strong></span> <span class='ocrx_word' id='word_1_179' title='bbox 1351 2782 1497 2858; x_wconf 88' lang='lat' dir='ltr'><strong>labores</strong></span> <span class='ocrx_word' id='word_1_180' title='bbox 1522 2782 1614 2857; x_wconf 91' lang='lat' dir='ltr'><strong>belli</strong></span> <span class='ocrx_word' id='word_1_181' title='bbox 1638 2783 1760 2858; x_wconf 91' lang='lat' dir='ltr'><strong>subire</strong></span> <span class='ocrx_word' id='word_1_182' title='bbox 1784 2780 1861 2858; x_wconf 83' lang='lat' dir='ltr'><strong>vel-</strong></span> 
     </span>
     <span class='ocr_line' id='line_1_21' title="bbox 280 2906 1860 3012; baseline 0 -29"><span class='ocrx_word' id='word_1_183' title='bbox 280 2909 359 2983; x_wconf 92' lang='lat' dir='ltr'><strong>lent</strong></span> <span class='ocrx_word' id='word_1_184' title='bbox 385 2910 490 3006; x_wconf 84' lang='grc'><strong>(200).</strong></span> <span class='ocrx_word' id='word_1_185' title='bbox 532 2907 616 3010; x_wconf 90' lang='lat' dir='ltr'><strong>Ipse</strong></span> <span class='ocrx_word' id='word_1_186' title='bbox 642 2922 766 2981; x_wconf 89' lang='lat' dir='ltr'><strong>tamen</strong></span> <span class='ocrx_word' id='word_1_187' title='bbox 784 2906 1056 2983; x_wconf 87' lang='lat' dir='ltr'><strong>Demosthenes</strong></span> <span class='ocrx_word' id='word_1_188' title='bbox 1081 2923 1159 2982; x_wconf 91' lang='lat' dir='ltr'><strong>tum</strong></span> <span class='ocrx_word' id='word_1_189' title='bbox 1185 2909 1408 3011; x_wconf 90' lang='lat' dir='ltr'><strong>praeclaram</strong></span> <span class='ocrx_word' id='word_1_190' title='bbox 1428 2909 1529 2984; x_wconf 91' lang='lat' dir='ltr'><strong>illam</strong></span> <span class='ocrx_word' id='word_1_191' title='bbox 1550 2936 1592 2984; x_wconf 91' lang='lat' dir='ltr'><strong>ac</strong></span> <span class='ocrx_word' id='word_1_192' title='bbox 1613 2934 1758 3012; x_wconf 84' lang='lat' dir='ltr'><strong>gravem</strong></span> <span class='ocrx_word' id='word_1_193' title='bbox 1779 2934 1860 2983; x_wconf 89' lang='lat' dir='ltr'><strong>ora·</strong></span> 
     </span>
     <span class='ocr_line' id='line_1_22' title="bbox 279 3032 1860 3136; baseline -0.001 -25"><span class='ocrx_word' id='word_1_194' title='bbox 279 3040 419 3111; x_wconf 92' lang='lat' dir='ltr'><strong>tionem</strong></span> <span class='ocrx_word' id='word_1_195' title='bbox 453 3033 499 3108; x_wconf 90' lang='lat' dir='ltr'><strong>de</strong></span> <span class='ocrx_word' id='word_1_196' title='bbox 530 3059 622 3136; x_wconf 90' lang='lat' dir='ltr'><strong>pace</strong></span> <span class='ocrx_word' id='word_1_197' title='bbox 653 3032 782 3109; x_wconf 90' lang='lat' dir='ltr'><strong>habuit</strong></span> <span class='ocrx_word' id='word_1_198' title='bbox 808 3059 933 3108; x_wconf 91' lang='lat' dir='ltr'><strong>mense</strong></span> <span class='ocrx_word' id='word_1_199' title='bbox 957 3033 1232 3108; x_wconf 89' lang='lat' dir='ltr'><strong>Boedromione</strong></span> <span class='ocrx_word' id='word_1_200' title='bbox 1266 3039 1312 3132; x_wconf 93' lang='lat' dir='ltr'><strong>(s.</strong></span> <span class='ocrx_word' id='word_1_201' title='bbox 1333 3034 1398 3108; x_wconf 91' lang='lat' dir='ltr'><strong>fin.</strong></span> <span class='ocrx_word' id='word_1_202' title='bbox 1425 3035 1502 3108; x_wconf 85' lang='lat' dir='ltr'><strong>fere</strong></span> <span class='ocrx_word' id='word_1_203' title='bbox 1527 3062 1577 3108; x_wconf 93' lang='lat' dir='ltr'><strong>m.</strong></span> <span class='ocrx_word' id='word_1_204' title='bbox 1599 3036 1784 3136; x_wconf 87' lang='lat' dir='ltr'><strong>Augusti),</strong></span> <span class='ocrx_word' id='word_1_205' title='bbox 1821 3039 1860 3110; x_wconf 90' lang='lat' dir='ltr'><strong>in</strong></span> 
     </span>
     <span class='ocr_line' id='line_1_23' title="bbox 281 3155 1855 3264; baseline 0.001 -29"><span class='ocrx_word' id='word_1_206' title='bbox 281 3188 353 3264; x_wconf 91' lang='lat' dir='ltr'><strong>qua</strong></span> <span class='ocrx_word' id='word_1_207' title='bbox 380 3186 457 3235; x_wconf 92' lang='lat' dir='ltr'><strong>non</strong></span> <span class='ocrx_word' id='word_1_208' title='bbox 483 3165 654 3261; x_wconf 89' lang='lat' dir='ltr'><strong>ignorans</strong></span> <span class='ocrx_word' id='word_1_209' title='bbox 679 3157 901 3257; x_wconf 89' lang='lat' dir='ltr'><strong>singularum</strong></span> <span class='ocrx_word' id='word_1_210' title='bbox 924 3155 1102 3231; x_wconf 87' lang='lat' dir='ltr'><strong>Graeciae</strong></span> <span class='ocrx_word' id='word_1_211' title='bbox 1127 3161 1311 3233; x_wconf 81' lang='lat' dir='ltr'><strong>civitatum</strong></span> <span class='ocrx_word' id='word_1_212' title='bbox 1338 3158 1509 3232; x_wconf 82' lang='lat' dir='ltr'><strong>invidiam</strong></span> <span class='ocrx_word' id='word_1_213' title='bbox 1539 3164 1578 3234; x_wconf 90' lang='lat' dir='ltr'><strong>in</strong></span> <span class='ocrx_word' id='word_1_214' title='bbox 1597 3159 1855 3255; x_wconf 87' lang='lat' dir='ltr'><strong>Athenienses,</strong></span> 
     </span>
     <span class='ocr_line' id='line_1_24' title="bbox 280 3280 1857 3392; baseline 0.001 -32"><span class='ocrx_word' id='word_1_215' title='bbox 280 3313 322 3360; x_wconf 92' lang='lat' dir='ltr'><strong>ac</strong></span> <span class='ocrx_word' id='word_1_216' title='bbox 348 3309 479 3362; x_wconf 84' lang='lat' dir='ltr'><strong>cavens</strong></span> <span class='ocrx_word' id='word_1_217' title='bbox 505 3309 571 3375; x_wconf 93' lang='lat' dir='ltr'><strong>ne,</strong></span> <span class='ocrx_word' id='word_1_218' title='bbox 601 3309 703 3356; x_wconf 86' lang='lat' dir='ltr'><strong>suam</strong></span> <span class='ocrx_word' id='word_1_219' title='bbox 729 3306 875 3384; x_wconf 91' lang='lat' dir='ltr'><strong>quaque</strong></span> <span class='ocrx_word' id='word_1_220' title='bbox 902 3280 1190 3385; x_wconf 90' lang='lat' dir='ltr'><strong>indignationem</strong></span> <span class='ocrx_word' id='word_1_221' title='bbox 1215 3299 1409 3387; x_wconf 88' lang='lat' dir='ltr'><strong>sequente,</strong></span> <span class='ocrx_word' id='word_1_222' title='bbox 1439 3283 1589 3361; x_wconf 90' lang='lat' dir='ltr'><strong>decreto</strong></span> <span class='ocrx_word' id='word_1_223' title='bbox 1616 3285 1857 3392; x_wconf 84' lang='lat' dir='ltr'><strong>Amphictyo·</strong></span> 
     </span>
     <span class='ocr_line' id='line_1_25' title="bbox 281 3409 1860 3515; baseline 0.001 -27"><span class='ocrx_word' id='word_1_224' title='bbox 281 3439 370 3488; x_wconf 92' lang='lat' dir='ltr'><strong>num</strong></span> <span class='ocrx_word' id='word_1_225' title='bbox 395 3427 598 3515; x_wconf 80' lang='lat' dir='ltr'><strong>praetexto,</strong></span> <span class='ocrx_word' id='word_1_226' title='bbox 629 3434 824 3484; x_wconf 90' lang='lat' dir='ltr'><strong>commune</strong></span> <span class='ocrx_word' id='word_1_227' title='bbox 852 3412 1015 3484; x_wconf 90' lang='lat' dir='ltr'><strong>omnium</strong></span> <span class='ocrx_word' id='word_1_228' title='bbox 1041 3410 1181 3485; x_wconf 90' lang='lat' dir='ltr'><strong>bellum</strong></span> <span class='ocrx_word' id='word_1_229' title='bbox 1201 3409 1486 3488; x_wconf 88' lang='lat' dir='ltr'><strong>Atheniensibus</strong></span> <span class='ocrx_word' id='word_1_230' title='bbox 1512 3413 1720 3508; x_wconf 82' lang='lat' dir='ltr'><strong>inferretur,</strong></span> <span class='ocrx_word' id='word_1_231' title='bbox 1749 3418 1860 3490; x_wconf 89' lang='lat' dir='ltr'><strong>suasit</strong></span> 
     </span>
     <span class='ocr_line' id='line_1_26' title="bbox 281 3534 1857 3643; baseline 0.002 -29"><span class='ocrx_word' id='word_1_232' title='bbox 281 3556 322 3614; x_wconf 91' lang='lat' dir='ltr'><strong>ut</strong></span> <span class='ocrx_word' id='word_1_233' title='bbox 347 3538 535 3642; x_wconf 88' lang='lat' dir='ltr'><strong>postulato</strong></span> <span class='ocrx_word' id='word_1_234' title='bbox 563 3534 755 3629; x_wconf 90' lang='lat' dir='ltr'><strong>cederent,</strong></span> <span class='ocrx_word' id='word_1_235' title='bbox 792 3554 828 3611; x_wconf 88' lang='lat' dir='ltr'><strong>et</strong></span> <span class='ocrx_word' id='word_1_236' title='bbox 853 3552 894 3612; x_wconf 91' lang='lat' dir='ltr'><strong>ut</strong></span> <span class='ocrx_word' id='word_1_237' title='bbox 921 3562 968 3611; x_wconf 90' lang='lat' dir='ltr'><strong>ne</strong></span> <span class='ocrx_word' id='word_1_238' title='bbox 995 3535 1042 3612; x_wconf 95' lang='lat' dir='ltr'><strong>de</strong></span> <span class='ocrx_word' id='word_1_239' title='bbox 1067 3540 1197 3614; x_wconf 89' lang='lat' dir='ltr'><strong>umbra</strong></span> <span class='ocrx_word' id='word_1_240' title='bbox 1222 3537 1404 3643; x_wconf 89' lang='lat' dir='ltr'><strong>Delphica</strong></span> <span class='ocrx_word' id='word_1_241' title='bbox 1427 3557 1616 3621; x_wconf 74' lang='lat' dir='ltr'><strong>,certarent</strong></span> <span class='ocrx_word' id='word_1_242' title='bbox 1641 3543 1743 3639; x_wconf 84' lang='grc'><strong>(200).</strong></span> <span class='ocrx_word' id='word_1_243' title='bbox 1791 3545 1857 3617; x_wconf 93' lang='lat' dir='ltr'><strong>At·</strong></span> 
     </span>
     <span class='ocr_line' id='line_1_27' title="bbox 282 3660 1859 3770; baseline 0.003 -28"><span class='ocrx_word' id='word_1_244' title='bbox 282 3693 354 3770; x_wconf 89' lang='lat' dir='ltr'><strong>que</strong></span> <span class='ocrx_word' id='word_1_245' title='bbox 379 3664 418 3740; x_wconf 91' lang='lat' dir='ltr'><strong>id</strong></span> <span class='ocrx_word' id='word_1_246' title='bbox 445 3665 595 3769; x_wconf 89' lang='lat' dir='ltr'><strong>placuit.</strong></span> <span class='ocrx_word' id='word_1_247' title='bbox 637 3662 832 3766; x_wconf 91' lang='lat' dir='ltr'><strong>Philippus</strong></span> <span class='ocrx_word' id='word_1_248' title='bbox 864 3660 1016 3756; x_wconf 91' lang='lat' dir='ltr'><strong>deinde,</strong></span> <span class='ocrx_word' id='word_1_249' title='bbox 1049 3682 1246 3768; x_wconf 90' lang='lat' dir='ltr'><strong>postquam</strong></span> <span class='ocrx_word' id='word_1_250' title='bbox 1278 3669 1357 3769; x_wconf 88' lang='lat' dir='ltr'><strong>ipse</strong></span> <span class='ocrx_word' id='word_1_251' title='bbox 1381 3664 1533 3770; x_wconf 82' lang='lat' dir='ltr'><strong>Pythios</strong></span> <span class='ocrx_word' id='word_1_252' title='bbox 1565 3665 1673 3742; x_wconf 91' lang='lat' dir='ltr'><strong>ludos</strong></span> <span class='ocrx_word' id='word_1_253' title='bbox 1705 3671 1859 3747; x_wconf 90' lang='lat' dir='ltr'><strong>instituit</strong></span> 
     </span>
    </p>
   </div>
   <div class='ocr_carea' id='block_1_2' title="bbox 324 3938 1224 4024">
    <p class='ocr_par' dir='ltr' id='par_1_2' title="bbox 324 3938 1224 4024">
     <span class='ocr_line' id='line_1_28' title="bbox 324 3938 1224 4024; baseline 0.009 -28"><span class='ocrx_word' id='word_1_254' title='bbox 324 3938 395 4021; x_wconf 80' lang='lat'>(’⁰·³)</span> <span class='ocrx_word' id='word_1_255' title='bbox 426 3940 532 4003; x_wconf 86' lang='lat' dir='ltr'><strong>Aesch.</strong></span> <span class='ocrx_word' id='word_1_256' title='bbox 555 3939 777 4022; x_wconf 79' lang='lat' dir='ltr'><strong>1.c.p.46.40.</strong></span> <span class='ocrx_word' id='word_1_257' title='bbox 800 3940 836 4002; x_wconf 86' lang='lat' dir='ltr'><strong>ci.</strong></span> <span class='ocrx_word' id='word_1_258' title='bbox 858 3940 985 4002; x_wconf 85' lang='lat' dir='ltr'><strong>Weiske</strong></span> <span class='ocrx_word' id='word_1_259' title='bbox 1007 3941 1057 4003; x_wconf 88' lang='lat' dir='ltr'><strong>ll.</strong></span> <span class='ocrx_word' id='word_1_260' title='bbox 1079 3941 1118 4001; x_wconf 83' lang='lat' dir='ltr'><strong>tt</strong></span> <span class='ocrx_word' id='word_1_261' title='bbox 1139 3943 1224 4024; x_wconf 63' lang='lat' dir='ltr'><strong>pst.</strong></span> 
     </span>
    </p>
   </div>
   <div class='ocr_carea' id='block_1_3' title="bbox 281 4057 1857 4245">
    <p class='ocr_par' dir='ltr' id='par_1_3' title="bbox 281 4057 1857 4245">
     <span class='ocr_line' id='line_1_29' title="bbox 322 4057 1857 4151; baseline 0.006 -32"><span class='ocrx_word' id='word_1_262' title='bbox 322 4057 393 4139; x_wconf 82' lang='grc'><strong>(000)</strong></span> <span class='ocrx_word' id='word_1_263' title='bbox 424 4060 503 4120; x_wconf 79' lang='lat' dir='ltr'><strong>XVL</strong></span> <span class='ocrx_word' id='word_1_264' title='bbox 517 4059 566 4121; x_wconf 86' lang='lat'><strong>60.</strong></span> <span class='ocrx_word' id='word_1_265' title='bbox 588 4058 655 4120; x_wconf 79' lang='lat' dir='ltr'><strong>vide</strong></span> <span class='ocrx_word' id='word_1_266' title='bbox 678 4059 738 4121; x_wconf 79' lang='lat' dir='ltr'><strong>eius</strong></span> <span class='ocrx_word' id='word_1_267' title='bbox 760 4060 982 4141; x_wconf 79' lang='lat' dir='ltr'><strong>epitomatorem</strong></span> <span class='ocrx_word' id='word_1_268' title='bbox 1003 4059 1175 4122; x_wconf 88' lang='lat' dir='ltr'><strong>Plethonem</strong></span> <span class='ocrx_word' id='word_1_269' title='bbox 1196 4059 1286 4122; x_wconf 67' lang='lat'><strong>216:</strong></span> <span class='ocrx_word' id='word_1_270' title='bbox 1313 4065 1445 4147; x_wconf 78' lang='grc' dir='ltr'><em>περεελεῖν</em></span> <span class='ocrx_word' id='word_1_271' title='bbox 1468 4057 1498 4122; x_wconf 76' lang='grc' dir='ltr'><strong>δ’</strong></span> <span class='ocrx_word' id='word_1_272' title='bbox 1521 4062 1614 4124; x_wconf 76' lang='grc' dir='ltr'>αὐτῶν</span> <span class='ocrx_word' id='word_1_273' title='bbox 1634 4057 1683 4124; x_wconf 66' lang='grc' dir='ltr'><strong>καὶ</strong></span> <span class='ocrx_word' id='word_1_274' title='bbox 1703 4070 1782 4151; x_wconf 72' lang='grc' dir='ltr'><em>τριῶν</em></span> <span class='ocrx_word' id='word_1_275' title='bbox 1802 4071 1857 4128; x_wconf 71' lang='grc' dir='ltr'><strong>τῶν</strong></span> 
     </span>
     <span class='ocr_line' id='line_1_30' title="bbox 281 4151 1210 4245; baseline 0.005 -27"><span class='ocrx_word' id='word_1_276' title='bbox 281 4152 496 4245; x_wconf 69' lang='grc' dir='ltr'><strong>ἐπικαιροτάτων</strong></span> <span class='ocrx_word' id='word_1_277' title='bbox 516 4157 625 4220; x_wconf 80' lang='grc' dir='ltr'><em>πόλεων</em></span> <span class='ocrx_word' id='word_1_278' title='bbox 644 4155 682 4218; x_wconf 78' lang='lat' dir='ltr'><strong>roi</strong></span> <span class='ocrx_word' id='word_1_279' title='bbox 702 4152 787 4240; x_wconf 69' lang='grc' dir='ltr'><em>τείχη</em></span> <span class='ocrx_word' id='word_1_280' title='bbox 808 4153 855 4221; x_wconf 67' lang='grc' dir='ltr'><strong>καὶ</strong></span> <span class='ocrx_word' id='word_1_281' title='bbox 875 4151 1133 4232; x_wconf 62' lang='grc' dir='ltr'><em>κατασκάψανεαε</em></span> <span class='ocrx_word' id='word_1_282' title='bbox 1154 4174 1210 4223; x_wconf 80' lang='lat' dir='ltr'><strong>cet</strong></span> 
     </span>
    </p>
   </div>
   <div class='ocr_carea' id='block_1_4' title="bbox 282 4273 1853 4466">
    <p class='ocr_par' dir='ltr' id='par_1_4' title="bbox 282 4273 1853 4466">
     <span class='ocr_line' id='line_1_31' title="bbox 323 4273 1853 4364; baseline 0.005 -26"><span class='ocrx_word' id='word_1_283' title='bbox 323 4273 393 4354; x_wconf 81' lang='grc'><strong>(000)</strong></span> <span class='ocrx_word' id='word_1_284' title='bbox 424 4278 510 4338; x_wconf 88' lang='lat' dir='ltr'><strong>Dem.</strong></span> <span class='ocrx_word' id='word_1_285' title='bbox 536 4303 567 4338; x_wconf 80' lang='grc' dir='ltr'><strong>π.</strong></span> <span class='ocrx_word' id='word_1_286' title='bbox 588 4301 713 4364; x_wconf 74' lang='lat' dir='ltr'><strong>rapoenp.</strong></span> <span class='ocrx_word' id='word_1_287' title='bbox 738 4301 767 4360; x_wconf 90' lang='lat' dir='ltr'><strong>p.</strong></span> <span class='ocrx_word' id='word_1_288' title='bbox 779 4276 840 4340; x_wconf 71' lang='lat' dir='ltr'><strong>tls</strong></span> <span class='ocrx_word' id='word_1_289' title='bbox 854 4278 903 4340; x_wconf 86' lang='lat' dir='ltr'><strong>fin.</strong></span> <span class='ocrx_word' id='word_1_290' title='bbox 918 4280 988 4342; x_wconf 81' lang='lat'><strong>361.</strong></span> <span class='ocrx_word' id='word_1_291' title='bbox 1000 4278 1070 4341; x_wconf 83' lang='lat'><strong>366.</strong></span> <span class='ocrx_word' id='word_1_292' title='bbox 1082 4277 1152 4341; x_wconf 81' lang='lat'><strong>375.</strong></span> <span class='ocrx_word' id='word_1_293' title='bbox 1175 4280 1211 4344; x_wconf 92' lang='lat' dir='ltr'><strong>de</strong></span> <span class='ocrx_word' id='word_1_294' title='bbox 1233 4302 1295 4345; x_wconf 89' lang='lat' dir='ltr'><strong>eor.</strong></span> <span class='ocrx_word' id='word_1_295' title='bbox 1317 4281 1415 4364; x_wconf 72' lang='lat' dir='ltr'><strong>pant</strong></span> <span class='ocrx_word' id='word_1_296' title='bbox 1442 4297 1473 4346; x_wconf 88' lang='lat' dir='ltr'><strong>et</strong></span> <span class='ocrx_word' id='word_1_297' title='bbox 1497 4283 1575 4346; x_wconf 87' lang='lat' dir='ltr'><strong>alibi.</strong></span> <span class='ocrx_word' id='word_1_298' title='bbox 1609 4284 1646 4346; x_wconf 83' lang='lat' dir='ltr'><strong>ci.</strong></span> <span class='ocrx_word' id='word_1_299' title='bbox 1673 4285 1754 4347; x_wconf 87' lang='lat' dir='ltr'><strong>Paos.</strong></span> <span class='ocrx_word' id='word_1_300' title='bbox 1776 4286 1812 4345; x_wconf 86' lang='lat' dir='ltr'><strong>x.</strong></span> <span class='ocrx_word' id='word_1_301' title='bbox 1824 4287 1853 4346; x_wconf 88' lang='grc'><strong>3.</strong></span> 
     </span>
     <span class='ocr_line' id='line_1_32' title="bbox 282 4375 1456 4466; baseline 0.004 -28"><span class='ocrx_word' id='word_1_302' title='bbox 282 4375 395 4438; x_wconf 87' lang='lat' dir='ltr'><strong>Tamen</strong></span> <span class='ocrx_word' id='word_1_303' title='bbox 415 4376 482 4437; x_wconf 79' lang='lat' dir='ltr'><strong>ride</strong></span> <span class='ocrx_word' id='word_1_304' title='bbox 503 4378 628 4441; x_wconf 86' lang='lat' dir='ltr'><strong>Weiske</strong></span> <span class='ocrx_word' id='word_1_305' title='bbox 649 4379 673 4439; x_wconf 90' lang='lat'><strong>1.</strong></span> <span class='ocrx_word' id='word_1_306' title='bbox 695 4379 781 4460; x_wconf 76' lang='lat' dir='ltr'><strong>p.29.</strong></span> <span class='ocrx_word' id='word_1_307' title='bbox 803 4379 890 4457; x_wconf 74' lang='lat' dir='ltr'><strong>noti,</strong></span> <span class='ocrx_word' id='word_1_308' title='bbox 912 4379 958 4440; x_wconf 93' lang='lat' dir='ltr'><strong>cui</strong></span> <span class='ocrx_word' id='word_1_309' title='bbox 980 4381 1131 4459; x_wconf 84' lang='lat' dir='ltr'><strong>assentitur</strong></span> <span class='ocrx_word' id='word_1_310' title='bbox 1152 4380 1277 4445; x_wconf 88' lang='lat' dir='ltr'><strong>Goeller</strong></span> <span class='ocrx_word' id='word_1_311' title='bbox 1297 4382 1349 4445; x_wconf 90' lang='lat' dir='ltr'><strong>l.l.</strong></span> <span class='ocrx_word' id='word_1_312' title='bbox 1370 4383 1456 4466; x_wconf 80' lang='lat' dir='ltr'><strong>p.19.</strong></span> 
     </span>
    </p>
   </div>
   <div class='ocr_carea' id='block_1_5' title="bbox 323 4490 1524 4585">
    <p class='ocr_par' dir='ltr' id='par_1_5' title="bbox 323 4490 1524 4585">
     <span class='ocr_line' id='line_1_33' title="bbox 323 4490 1524 4585; baseline 0.007 -31"><span class='ocrx_word' id='word_1_313' title='bbox 323 4490 394 4574; x_wconf 85' lang='grc'><strong>(000)</strong></span> <span class='ocrx_word' id='word_1_314' title='bbox 425 4493 511 4554; x_wconf 79' lang='lat' dir='ltr'><strong>Dens.</strong></span> <span class='ocrx_word' id='word_1_315' title='bbox 533 4496 570 4557; x_wconf 90' lang='lat' dir='ltr'><strong>de</strong></span> <span class='ocrx_word' id='word_1_316' title='bbox 592 4517 654 4558; x_wconf 92' lang='lat' dir='ltr'><strong>cor.</strong></span> <span class='ocrx_word' id='word_1_317' title='bbox 675 4497 782 4579; x_wconf 61' lang='lat'><strong>9339.</strong></span> <span class='ocrx_word' id='word_1_318' title='bbox 803 4497 871 4558; x_wconf 83' lang='lat' dir='ltr'><strong>vide</strong></span> <span class='ocrx_word' id='word_1_319' title='bbox 893 4499 929 4560; x_wconf 91' lang='lat' dir='ltr'><strong>de</strong></span> <span class='ocrx_word' id='word_1_320' title='bbox 950 4497 1003 4559; x_wconf 87' lang='lat' dir='ltr'><strong>hac</strong></span> <span class='ocrx_word' id='word_1_321' title='bbox 1025 4499 1108 4580; x_wconf 80' lang='lat' dir='ltr'><strong>epist</strong></span> <span class='ocrx_word' id='word_1_322' title='bbox 1129 4500 1276 4582; x_wconf 84' lang='lat' dir='ltr'><strong>Droysen.</strong></span> <span class='ocrx_word' id='word_1_323' title='bbox 1297 4500 1349 4562; x_wconf 84' lang='lat' dir='ltr'><strong>ll.</strong></span> <span class='ocrx_word' id='word_1_324' title='bbox 1370 4501 1467 4585; x_wconf 60' lang='lat'><strong>9452</strong></span> <span class='ocrx_word' id='word_1_325' title='bbox 1481 4524 1524 4584; x_wconf 89' lang='lat' dir='ltr'><strong>sq.</strong></span> 
     </span>
    </p>
   </div>
   <div class='ocr_carea' id='block_1_6' title="bbox 282 4610 1852 4776">
    <p class='ocr_par' dir='ltr' id='par_1_6' title="bbox 282 4610 1852 4776">
     <span class='ocr_line' id='line_1_34' title="bbox 323 4610 1852 4700; baseline 0.011 -31"><span class='ocrx_word' id='word_1_326' title='bbox 323 4610 394 4693; x_wconf 81' lang='grc'><strong>(200)</strong></span> <span class='ocrx_word' id='word_1_327' title='bbox 425 4612 511 4673; x_wconf 87' lang='lat' dir='ltr'><strong>Dem.</strong></span> <span class='ocrx_word' id='word_1_328' title='bbox 533 4636 564 4671; x_wconf 79' lang='grc' dir='ltr'><strong>π.</strong></span> <span class='ocrx_word' id='word_1_329' title='bbox 585 4638 707 4700; x_wconf 61' lang='lat' dir='ltr'><strong>rapere.</strong></span> <span class='ocrx_word' id='word_1_330' title='bbox 728 4614 835 4698; x_wconf 69' lang='lat' dir='ltr'><strong>pots.</strong></span> <span class='ocrx_word' id='word_1_331' title='bbox 856 4615 1014 4680; x_wconf 84' lang='lat' dir='ltr'><strong>Isocratem</strong></span> <span class='ocrx_word' id='word_1_332' title='bbox 1034 4629 1082 4679; x_wconf 84' lang='lat' dir='ltr'><strong>aut</strong></span> <span class='ocrx_word' id='word_1_333' title='bbox 1101 4616 1282 4681; x_wconf 86' lang='lat' dir='ltr'><strong>Phocionem</strong></span> <span class='ocrx_word' id='word_1_334' title='bbox 1303 4618 1333 4680; x_wconf 94' lang='lat' dir='ltr'><strong>in</strong></span> <span class='ocrx_word' id='word_1_335' title='bbox 1354 4618 1398 4682; x_wconf 87' lang='lat' dir='ltr'><strong>his</strong></span> <span class='ocrx_word' id='word_1_336' title='bbox 1418 4619 1515 4682; x_wconf 83' lang='lat' dir='ltr'><strong>verbis</strong></span> <span class='ocrx_word' id='word_1_337' title='bbox 1531 4617 1682 4683; x_wconf 85' lang='lat' dir='ltr'><strong>Aeschinis</strong></span> <span class='ocrx_word' id='word_1_338' title='bbox 1702 4633 1732 4684; x_wconf 86' lang='lat' dir='ltr'><strong>te</strong></span> <span class='ocrx_word' id='word_1_339' title='bbox 1753 4623 1852 4687; x_wconf 85' lang='lat' dir='ltr'><strong>audire</strong></span> 
     </span>
     <span class='ocr_line' id='line_1_35' title="bbox 282 4713 433 4776; baseline -0.02 0"><span class='ocrx_word' id='word_1_340' title='bbox 282 4713 433 4776; x_wconf 81' lang='lat' dir='ltr'><strong>existimes.</strong></span> 
     </span>
    </p>
   </div>
   <div class='ocr_carea' id='block_1_7' title="bbox 282 4828 1853 5022">
    <p class='ocr_par' dir='ltr' id='par_1_7' title="bbox 282 4828 1853 5022">
     <span class='ocr_line' id='line_1_36' title="bbox 323 4828 1853 4922; baseline 0.008 -30"><span class='ocrx_word' id='word_1_341' title='bbox 323 4828 393 4910; x_wconf 87' lang='grc'><strong>(000)</strong></span> <span class='ocrx_word' id='word_1_342' title='bbox 424 4832 511 4893; x_wconf 88' lang='lat' dir='ltr'><strong>Dem.</strong></span> <span class='ocrx_word' id='word_1_343' title='bbox 538 4832 574 4894; x_wconf 89' lang='lat' dir='ltr'><strong>de</strong></span> <span class='ocrx_word' id='word_1_344' title='bbox 601 4852 673 4914; x_wconf 87' lang='lat' dir='ltr'><strong>pace</strong></span> <span class='ocrx_word' id='word_1_345' title='bbox 700 4856 728 4914; x_wconf 90' lang='lat' dir='ltr'><strong>p.</strong></span> <span class='ocrx_word' id='word_1_346' title='bbox 736 4834 843 4897; x_wconf 80' lang='lat'><strong>61-63</strong></span> <span class='ocrx_word' id='word_1_347' title='bbox 859 4835 906 4895; x_wconf 80' lang='lat' dir='ltr'><strong>tn.</strong></span> <span class='ocrx_word' id='word_1_348' title='bbox 929 4868 969 4883; x_wconf 94' lang='lat'><em>-</em></span> <span class='ocrx_word' id='word_1_349' title='bbox 995 4837 1065 4898; x_wconf 87' lang='lat' dir='ltr'><strong>Non</strong></span> <span class='ocrx_word' id='word_1_350' title='bbox 1085 4858 1249 4922; x_wconf 83' lang='lat' dir='ltr'><strong>repugnare</strong></span> <span class='ocrx_word' id='word_1_351' title='bbox 1270 4837 1325 4900; x_wconf 83' lang='lat' dir='ltr'><strong>sibi</strong></span> <span class='ocrx_word' id='word_1_352' title='bbox 1345 4836 1574 4900; x_wconf 83' lang='lat' dir='ltr'><strong>Demosthenem</strong></span> <span class='ocrx_word' id='word_1_353' title='bbox 1594 4839 1626 4900; x_wconf 91' lang='lat' dir='ltr'><strong>in</strong></span> <span class='ocrx_word' id='word_1_354' title='bbox 1647 4839 1698 4902; x_wconf 90' lang='lat' dir='ltr'><strong>hac</strong></span> <span class='ocrx_word' id='word_1_355' title='bbox 1721 4843 1853 4906; x_wconf 79' lang='lat' dir='ltr'><strong>untione</strong></span> 
     </span>
     <span class='ocr_line' id='line_1_37' title="bbox 282 4931 1632 5022; baseline 0.005 -28"><span class='ocrx_word' id='word_1_356' title='bbox 282 4952 382 5014; x_wconf 86' lang='lat' dir='ltr'><strong>pacem</strong></span> <span class='ocrx_word' id='word_1_357' title='bbox 403 4931 579 5010; x_wconf 82' lang='lat' dir='ltr'><strong>suadentem,</strong></span> <span class='ocrx_word' id='word_1_358' title='bbox 600 4932 734 5015; x_wconf 87' lang='lat' dir='ltr'><strong>idemque</strong></span> <span class='ocrx_word' id='word_1_359' title='bbox 755 4932 893 4998; x_wconf 83' lang='lat' dir='ltr'><strong>Aeschini</strong></span> <span class='ocrx_word' id='word_1_360' title='bbox 915 4937 1136 5018; x_wconf 80' lang='lat' dir='ltr'><strong>exprobrantem</strong></span> <span class='ocrx_word' id='word_1_361' title='bbox 1157 4938 1247 5002; x_wconf 87' lang='lat' dir='ltr'><strong>docet</strong></span> <span class='ocrx_word' id='word_1_362' title='bbox 1266 4938 1392 5001; x_wconf 80' lang='lat' dir='ltr'><strong>Weiske</strong></span> <span class='ocrx_word' id='word_1_363' title='bbox 1413 4935 1465 5000; x_wconf 77' lang='lat' dir='ltr'><strong>hl.</strong></span> <span class='ocrx_word' id='word_1_364' title='bbox 1486 4938 1524 5000; x_wconf 81' lang='lat' dir='ltr'><strong>ll</strong></span> <span class='ocrx_word' id='word_1_365' title='bbox 1546 4939 1632 5022; x_wconf 69' lang='lat' dir='ltr'><strong>pos.</strong></span> 
     </span>
    </p>
   </div>
   <div class='ocr_carea' id='block_1_8' title="bbox 0 0 2322 5940">
    <p class='ocr_par' dir='ltr' id='par_1_8' title="bbox 0 0 2322 5940">
     <span class='ocr_line' id='line_1_38' title="bbox 0 0 2322 5940; baseline 0 1"><span class='ocrx_word' id='word_1_366' title='bbox 0 0 2322 5940; x_wconf 95' lang='lat' dir='ltr'><strong> </strong></span> 
     </span>
    </p>
   </div>
  </div>
 </body>
</html>
