<?xml version="1.0" encoding="UTF-8"?>
<!DOCTYPE html PUBLIC "-//W3C//DTD XHTML 1.0 Transitional//EN"
    "http://www.w3.org/TR/xhtml1/DTD/xhtml1-transitional.dtd">
<html xmlns="http://www.w3.org/1999/xhtml" xml:lang="en" lang="en">
 <head>
  <title>
</title>
<meta http-equiv="Content-Type" content="text/html;charset=utf-8" />
  <meta name='ocr-system' content='tesseract 3.04.00' />
  <meta name='ocr-capabilities' content='ocr_page ocr_carea ocr_par ocr_line ocrx_word'/>
</head>
<body>
  <div class='ocr_page' id='page_1' title='image "./deaeschinisorat00stecgoog_0029.png"; bbox 0 0 4636 5940; ppageno 0'>
   <div class='ocr_carea' id='block_1_1' title="bbox 356 894 1368 1419">
    <p class='ocr_par' dir='ltr' id='par_1_1' title="bbox 356 894 1368 1419">
     <span class='ocr_line' id='line_1_1' title="bbox 726 894 1116 1046; baseline 0.041 -16"><span class='ocrx_word' id='word_1_1' title='bbox 726 929 886 1039; x_wconf 76' lang='lat' dir='ltr'><strong>alas</strong></span> <span class='ocrx_word' id='word_1_2' title='bbox 904 908 906 913; x_wconf 43' lang='lat'>⁴</span> <span class='ocrx_word' id='word_1_3' title='bbox 923 894 989 1035; x_wconf 86' lang='lat'><strong>11.</strong></span> <span class='ocrx_word' id='word_1_4' title='bbox 1112 1038 1116 1046; x_wconf 82' lang='lat'><em>.</em></span> 
     </span>
     <span class='ocr_line' id='line_1_2' title="bbox 356 1116 1368 1208; baseline 0.008 -10"><span class='ocrx_word' id='word_1_5' title='bbox 356 1119 639 1200; x_wconf 73' lang='lat' dir='ltr'>AESCHINES</span> <span class='ocrx_word' id='word_1_6' title='bbox 663 1120 899 1203; x_wconf 85' lang='lat' dir='ltr'>PUBLICIS</span> <span class='ocrx_word' id='word_1_7' title='bbox 924 1116 1091 1206; x_wconf 78' lang='lat' dir='ltr'>REBUS</span> <span class='ocrx_word' id='word_1_8' title='bbox 1116 1128 1368 1208; x_wconf 79' lang='lat' dir='ltr'><strong>FUNGENS.</strong></span> 
     </span>
     <span class='ocr_line' id='line_1_3' title="bbox 816 1315 905 1419; baseline 0.022 -31"><span class='ocrx_word' id='word_1_9' title='bbox 816 1315 854 1419; x_wconf 71' lang='lat' dir='ltr'><strong>g.</strong></span> <span class='ocrx_word' id='word_1_10' title='bbox 871 1320 905 1390; x_wconf 86' lang='lat'><strong>1.</strong></span> 
     </span>
    </p>
   </div>
   <div class='ocr_carea' id='block_1_2' title="bbox 74 1436 1755 4867">
    <p class='ocr_par' dir='ltr' id='par_1_2' title="bbox 74 1436 1720 2964">
     <span class='ocr_line' id='line_1_4' title="bbox 213 1436 1651 1580; baseline 0.008 -40"><span class='ocrx_word' id='word_1_11' title='bbox 213 1461 414 1568; x_wconf 81' lang='lat' dir='ltr'><strong>Superiore</strong></span> <span class='ocrx_word' id='word_1_12' title='bbox 440 1436 578 1569; x_wconf 86' lang='lat' dir='ltr'><strong>capite,</strong></span> <span class='ocrx_word' id='word_1_13' title='bbox 614 1465 716 1570; x_wconf 92' lang='lat' dir='ltr'><strong>quod</strong></span> <span class='ocrx_word' id='word_1_14' title='bbox 742 1466 780 1542; x_wconf 91' lang='lat' dir='ltr'><strong>id</strong></span> <span class='ocrx_word' id='word_1_15' title='bbox 806 1483 947 1545; x_wconf 85' lang='lat' dir='ltr'><strong>tantum</strong></span> <span class='ocrx_word' id='word_1_16' title='bbox 973 1484 1118 1573; x_wconf 91' lang='lat' dir='ltr'><strong>tempus</strong></span> <span class='ocrx_word' id='word_1_17' title='bbox 1144 1473 1423 1576; x_wconf 81' lang='lat' dir='ltr'><strong>complexurum</strong></span> <span class='ocrx_word' id='word_1_18' title='bbox 1449 1500 1487 1550; x_wconf 92' lang='lat' dir='ltr'><strong>se</strong></span> <span class='ocrx_word' id='word_1_19' title='bbox 1512 1479 1651 1580; x_wconf 90' lang='lat' dir='ltr'><strong>promi-</strong></span> 
     </span>
     <span class='ocr_line' id='line_1_5' title="bbox 75 1591 1652 1698; baseline 0.005 -29"><span class='ocrx_word' id='word_1_20' title='bbox 75 1607 182 1684; x_wconf 90' lang='lat' dir='ltr'><strong>serat,</strong></span> <span class='ocrx_word' id='word_1_21' title='bbox 212 1618 288 1695; x_wconf 93' lang='lat' dir='ltr'><strong>quo</strong></span> <span class='ocrx_word' id='word_1_22' title='bbox 307 1592 509 1671; x_wconf 76' lang='lat' dir='ltr'>Aeschines</span> <span class='ocrx_word' id='word_1_23' title='bbox 533 1591 699 1672; x_wconf 91' lang='lat' dir='ltr'><strong>nondum</strong></span> <span class='ocrx_word' id='word_1_24' title='bbox 719 1591 764 1668; x_wconf 93' lang='lat' dir='ltr'><strong>ad</strong></span> <span class='ocrx_word' id='word_1_25' title='bbox 783 1595 1048 1698; x_wconf 82' lang='lat' dir='ltr'><strong>rempublicam</strong></span> <span class='ocrx_word' id='word_1_26' title='bbox 1066 1601 1288 1692; x_wconf 76' lang='lat' dir='ltr'><strong>accessisset,</strong></span> <span class='ocrx_word' id='word_1_27' title='bbox 1316 1605 1441 1676; x_wconf 87' lang='lat' dir='ltr'><strong>omnia</strong></span> <span class='ocrx_word' id='word_1_28' title='bbox 1461 1627 1533 1677; x_wconf 88' lang='lat' dir='ltr'><strong>una</strong></span> <span class='ocrx_word' id='word_1_29' title='bbox 1552 1629 1652 1677; x_wconf 87' lang='lat' dir='ltr'><strong>com·</strong></span> 
     </span>
     <span class='ocr_line' id='line_1_6' title="bbox 74 1718 1655 1830; baseline 0.005 -34"><span class='ocrx_word' id='word_1_30' title='bbox 74 1718 356 1825; x_wconf 83' lang='lat' dir='ltr'><strong>prehendimus,</strong></span> <span class='ocrx_word' id='word_1_31' title='bbox 391 1747 485 1825; x_wconf 89' lang='lat' dir='ltr'><strong>quae</strong></span> <span class='ocrx_word' id='word_1_32' title='bbox 517 1718 562 1796; x_wconf 89' lang='lat' dir='ltr'><strong>ad</strong></span> <span class='ocrx_word' id='word_1_33' title='bbox 590 1746 736 1797; x_wconf 80' lang='lat' dir='ltr'><strong>emaum</strong></span> <span class='ocrx_word' id='word_1_34' title='bbox 762 1725 949 1805; x_wconf 75' lang='lat' dir='ltr'><strong>virtutae</strong></span> <span class='ocrx_word' id='word_1_35' title='bbox 973 1726 1213 1827; x_wconf 83' lang='lat' dir='ltr'><strong>pertinerent.</strong></span> <span class='ocrx_word' id='word_1_36' title='bbox 1267 1725 1356 1801; x_wconf 91' lang='lat' dir='ltr'><strong>Non</strong></span> <span class='ocrx_word' id='word_1_37' title='bbox 1383 1726 1485 1830; x_wconf 90' lang='lat' dir='ltr'><strong>quod</strong></span> <span class='ocrx_word' id='word_1_38' title='bbox 1512 1745 1655 1804; x_wconf 87' lang='lat' dir='ltr'><strong>remota</strong></span> 
     </span>
     <span class='ocr_line' id='line_1_7' title="bbox 75 1847 1656 1953; baseline 0.004 -28"><span class='ocrx_word' id='word_1_39' title='bbox 75 1847 213 1925; x_wconf 70' lang='lat' dir='ltr'><strong>hiemat</strong></span> <span class='ocrx_word' id='word_1_40' title='bbox 237 1873 257 1923; x_wconf 94' lang='lat' dir='ltr'><strong>a</strong></span> <span class='ocrx_word' id='word_1_41' title='bbox 282 1848 472 1951; x_wconf 86' lang='lat' dir='ltr'><strong>republica</strong></span> <span class='ocrx_word' id='word_1_42' title='bbox 499 1848 752 1945; x_wconf 79' lang='lat' dir='ltr'><strong>(versabantur</strong></span> <span class='ocrx_word' id='word_1_43' title='bbox 777 1852 876 1926; x_wconf 88' lang='lat' dir='ltr'><strong>enim</strong></span> <span class='ocrx_word' id='word_1_44' title='bbox 903 1875 1014 1953; x_wconf 89' lang='lat' dir='ltr'><strong>quam</strong></span> <span class='ocrx_word' id='word_1_45' title='bbox 1040 1854 1195 1927; x_wconf 82' lang='lat' dir='ltr'><strong>maxime</strong></span> <span class='ocrx_word' id='word_1_46' title='bbox 1220 1854 1259 1926; x_wconf 92' lang='lat' dir='ltr'><strong>in</strong></span> <span class='ocrx_word' id='word_1_47' title='bbox 1286 1851 1381 1951; x_wconf 90' lang='lat' dir='ltr'><strong>illa),</strong></span> <span class='ocrx_word' id='word_1_48' title='bbox 1409 1850 1474 1928; x_wconf 89' lang='lat' dir='ltr'><strong>sed</strong></span> <span class='ocrx_word' id='word_1_49' title='bbox 1498 1871 1541 1930; x_wconf 93' lang='lat' dir='ltr'><strong>ut</strong></span> <span class='ocrx_word' id='word_1_50' title='bbox 1563 1881 1656 1933; x_wconf 87' lang='lat' dir='ltr'><strong>con·</strong></span> 
     </span>
     <span class='ocr_line' id='line_1_8' title="bbox 76 1973 1655 2082; baseline 0.004 -32"><span class='ocrx_word' id='word_1_51' title='bbox 76 1991 241 2078; x_wconf 87' lang='lat' dir='ltr'><strong>spectum</strong></span> <span class='ocrx_word' id='word_1_52' title='bbox 268 1973 454 2077; x_wconf 89' lang='lat' dir='ltr'><strong>quendam</strong></span> <span class='ocrx_word' id='word_1_53' title='bbox 479 1999 605 2052; x_wconf 90' lang='lat' dir='ltr'><strong>earum</strong></span> <span class='ocrx_word' id='word_1_54' title='bbox 629 2000 753 2054; x_wconf 85' lang='lat' dir='ltr'><strong>rerum</strong></span> <span class='ocrx_word' id='word_1_55' title='bbox 778 2002 856 2055; x_wconf 91' lang='lat' dir='ltr'><strong>uno</strong></span> <span class='ocrx_word' id='word_1_56' title='bbox 881 1992 1011 2058; x_wconf 89' lang='lat' dir='ltr'><strong>tenore</strong></span> <span class='ocrx_word' id='word_1_57' title='bbox 1036 1973 1218 2071; x_wconf 87' lang='lat' dir='ltr'><strong>daremus,</strong></span> <span class='ocrx_word' id='word_1_58' title='bbox 1248 2002 1343 2080; x_wconf 88' lang='lat' dir='ltr'><strong>quae</strong></span> <span class='ocrx_word' id='word_1_59' title='bbox 1369 1977 1414 2054; x_wconf 89' lang='lat' dir='ltr'><strong>ad</strong></span> <span class='ocrx_word' id='word_1_60' title='bbox 1435 1983 1503 2055; x_wconf 82' lang='lat' dir='ltr'><strong>viri</strong></span> <span class='ocrx_word' id='word_1_61' title='bbox 1528 1983 1655 2082; x_wconf 88' lang='lat' dir='ltr'><strong>imagi·</strong></span> 
     </span>
     <span class='ocr_line' id='line_1_9' title="bbox 76 2099 1720 2211; baseline 0.004 -35"><span class='ocrx_word' id='word_1_62' title='bbox 76 2126 162 2178; x_wconf 89' lang='lat' dir='ltr'><strong>nem</strong></span> <span class='ocrx_word' id='word_1_63' title='bbox 192 2099 443 2182; x_wconf 84' lang='lat' dir='ltr'><strong>illustrandam</strong></span> <span class='ocrx_word' id='word_1_64' title='bbox 473 2102 648 2181; x_wconf 86' lang='lat' dir='ltr'><strong>lacerent.</strong></span> <span class='ocrx_word' id='word_1_65' title='bbox 708 2100 850 2181; x_wconf 80' lang='lat' dir='ltr'><strong>Contra</strong></span> <span class='ocrx_word' id='word_1_66' title='bbox 880 2099 982 2205; x_wconf 92' lang='lat' dir='ltr'><strong>quod</strong></span> <span class='ocrx_word' id='word_1_67' title='bbox 1012 2129 1112 2181; x_wconf 89' lang='lat' dir='ltr'><strong>nunc</strong></span> <span class='ocrx_word' id='word_1_68' title='bbox 1141 2109 1340 2207; x_wconf 86' lang='lat' dir='ltr'><strong>aggressmi</strong></span> <span class='ocrx_word' id='word_1_69' title='bbox 1372 2132 1496 2181; x_wconf 89' lang='lat' dir='ltr'><strong>sumus</strong></span> <span class='ocrx_word' id='word_1_70' title='bbox 1527 2123 1651 2211; x_wconf 90' lang='lat' dir='ltr'><strong>caput,</strong></span> <span class='ocrx_word' id='word_1_71' title='bbox 1717 2176 1720 2181; x_wconf 92' lang='lat'>.</span> 
     </span>
     <span class='ocr_line' id='line_1_10' title="bbox 76 2228 1655 2334; baseline 0.002 -29"><span class='ocrx_word' id='word_1_72' title='bbox 76 2232 120 2305; x_wconf 89' lang='lat' dir='ltr'><strong>iis</strong></span> <span class='ocrx_word' id='word_1_73' title='bbox 145 2232 460 2332; x_wconf 86' lang='lat' dir='ltr'><strong>circumscriptum</strong></span> <span class='ocrx_word' id='word_1_74' title='bbox 487 2233 556 2307; x_wconf 89' lang='lat' dir='ltr'><strong>erit</strong></span> <span class='ocrx_word' id='word_1_75' title='bbox 580 2228 765 2322; x_wconf 88' lang='lat' dir='ltr'><strong>cancellis,</strong></span> <span class='ocrx_word' id='word_1_76' title='bbox 792 2245 836 2306; x_wconf 89' lang='lat' dir='ltr'><strong>ut</strong></span> <span class='ocrx_word' id='word_1_77' title='bbox 859 2231 967 2305; x_wconf 91' lang='lat' dir='ltr'><strong>unice</strong></span> <span class='ocrx_word' id='word_1_78' title='bbox 992 2246 1210 2332; x_wconf 80' lang='lat' dir='ltr'><strong>spectemus,</strong></span> <span class='ocrx_word' id='word_1_79' title='bbox 1242 2257 1417 2334; x_wconf 90' lang='lat' dir='ltr'><strong>quasnam</strong></span> <span class='ocrx_word' id='word_1_80' title='bbox 1437 2235 1598 2309; x_wconf 89' lang='lat' dir='ltr'><strong>rationes</strong></span> <span class='ocrx_word' id='word_1_81' title='bbox 1614 2237 1655 2308; x_wconf 92' lang='lat' dir='ltr'><strong>in</strong></span> 
     </span>
     <span class='ocr_line' id='line_1_11' title="bbox 77 2355 1653 2463; baseline 0.001 -30"><span class='ocrx_word' id='word_1_82' title='bbox 77 2360 193 2434; x_wconf 90' lang='lat' dir='ltr'><strong>causis</strong></span> <span class='ocrx_word' id='word_1_83' title='bbox 214 2356 439 2460; x_wconf 89' lang='lat' dir='ltr'><strong>reipublicae</strong></span> <span class='ocrx_word' id='word_1_84' title='bbox 463 2362 575 2460; x_wconf 83' lang='lat' dir='ltr'><strong>pacis,</strong></span> <span class='ocrx_word' id='word_1_85' title='bbox 599 2375 643 2434; x_wconf 93' lang='lat' dir='ltr'><strong>ut</strong></span> <span class='ocrx_word' id='word_1_86' title='bbox 667 2359 732 2461; x_wconf 92' lang='lat' dir='ltr'><strong>qui</strong></span> <span class='ocrx_word' id='word_1_87' title='bbox 759 2358 927 2445; x_wconf 82' lang='lat' dir='ltr'><strong>maxime,</strong></span> <span class='ocrx_word' id='word_1_88' title='bbox 950 2381 1087 2446; x_wconf 83' lang='lat' dir='ltr'><strong>suasor,</strong></span> <span class='ocrx_word' id='word_1_89' title='bbox 1114 2355 1277 2461; x_wconf 89' lang='lat' dir='ltr'><strong>ideoque</strong></span> <span class='ocrx_word' id='word_1_90' title='bbox 1295 2357 1460 2463; x_wconf 90' lang='lat' dir='ltr'><strong>Philippi</strong></span> <span class='ocrx_word' id='word_1_91' title='bbox 1479 2359 1653 2435; x_wconf 89' lang='lat' dir='ltr'><strong>concilia·</strong></span> 
     </span>
     <span class='ocr_line' id='line_1_12' title="bbox 76 2466 1654 2589; baseline 0.002 -30"><span class='ocrx_word' id='word_1_92' title='bbox 76 2500 150 2577; x_wconf 89' lang='lat' dir='ltr'><strong>tor,</strong></span> <span class='ocrx_word' id='word_1_93' title='bbox 179 2481 266 2558; x_wconf 90' lang='lat' dir='ltr'><strong>inde</strong></span> <span class='ocrx_word' id='word_1_94' title='bbox 286 2483 531 2559; x_wconf 83' lang='lat' dir='ltr'><strong>Demostheni</strong></span> <span class='ocrx_word' id='word_1_95' title='bbox 558 2482 781 2561; x_wconf 87' lang='lat' dir='ltr'><strong>adversarius</strong></span> <span class='ocrx_word' id='word_1_96' title='bbox 807 2485 942 2558; x_wconf 86' lang='lat' dir='ltr'><strong>inierit.</strong></span> <span class='ocrx_word' id='word_1_97' title='bbox 980 2483 1064 2560; x_wconf 85' lang='lat' dir='ltr'><strong>Illtc</strong></span> <span class='ocrx_word' id='word_1_98' title='bbox 1089 2511 1205 2560; x_wconf 92' lang='lat' dir='ltr'><strong>unum</strong></span> <span class='ocrx_word' id='word_1_99' title='bbox 1229 2484 1307 2561; x_wconf 87' lang='lat' dir='ltr'><strong>fere</strong></span> <span class='ocrx_word' id='word_1_100' title='bbox 1326 2466 1549 2561; x_wconf 79' lang='lat' dir='ltr'><strong>Aeschinem</strong></span> <span class='ocrx_word' id='word_1_101' title='bbox 1565 2511 1654 2589; x_wconf 80' lang='lat' dir='ltr'><strong>praa</strong></span> 
     </span>
     <span class='ocr_line' id='line_1_13' title="bbox 78 2607 1655 2713; baseline 0.002 -28"><span class='ocrx_word' id='word_1_102' title='bbox 78 2607 195 2685; x_wconf 89' lang='lat' dir='ltr'><strong>oculis</strong></span> <span class='ocrx_word' id='word_1_103' title='bbox 221 2607 427 2700; x_wconf 89' lang='lat' dir='ltr'><strong>habuimus,</strong></span> <span class='ocrx_word' id='word_1_104' title='bbox 457 2635 556 2684; x_wconf 92' lang='lat' dir='ltr'><strong>nunc</strong></span> <span class='ocrx_word' id='word_1_105' title='bbox 582 2612 654 2684; x_wconf 90' lang='lat' dir='ltr'><strong>iam</strong></span> <span class='ocrx_word' id='word_1_106' title='bbox 680 2611 864 2685; x_wconf 73' lang='lat' dir='ltr'><strong>uviutem</strong></span> <span class='ocrx_word' id='word_1_107' title='bbox 882 2609 1043 2686; x_wconf 82' lang='lat' dir='ltr'><strong>Atticam</strong></span> <span class='ocrx_word' id='word_1_108' title='bbox 1067 2613 1287 2702; x_wconf 88' lang='lat' dir='ltr'><strong>intueamur,</strong></span> <span class='ocrx_word' id='word_1_109' title='bbox 1317 2615 1455 2712; x_wconf 90' lang='lat' dir='ltr'><strong>quique</strong></span> <span class='ocrx_word' id='word_1_110' title='bbox 1474 2637 1655 2713; x_wconf 84' lang='lat' dir='ltr'><strong>pervene-</strong></span> 
     </span>
     <span class='ocr_line' id='line_1_14' title="bbox 76 2731 1653 2822; baseline 0.001 -11"><span class='ocrx_word' id='word_1_111' title='bbox 76 2739 124 2811; x_wconf 87' lang='lat' dir='ltr'><strong>rit</strong></span> <span class='ocrx_word' id='word_1_112' title='bbox 155 2732 202 2809; x_wconf 89' lang='lat' dir='ltr'><strong>ad</strong></span> <span class='ocrx_word' id='word_1_113' title='bbox 230 2732 377 2809; x_wconf 88' lang='lat' dir='ltr'><strong>illorum</strong></span> <span class='ocrx_word' id='word_1_114' title='bbox 403 2733 681 2822; x_wconf 74' lang='lat' dir='ltr'><strong>duumviratum</strong></span> <span class='ocrx_word' id='word_1_115' title='bbox 707 2739 961 2814; x_wconf 87' lang='lat' dir='ltr'><strong>auctoritatem</strong></span> <span class='ocrx_word' id='word_1_116' title='bbox 992 2751 1030 2813; x_wconf 91' lang='lat' dir='ltr'><strong>et</strong></span> <span class='ocrx_word' id='word_1_117' title='bbox 1054 2731 1346 2813; x_wconf 89' lang='lat' dir='ltr'><strong>moderationem</strong></span> <span class='ocrx_word' id='word_1_118' title='bbox 1371 2741 1573 2812; x_wconf 88' lang='lat' dir='ltr'><strong>accuratius</strong></span> <span class='ocrx_word' id='word_1_119' title='bbox 1596 2742 1653 2812; x_wconf 88' lang='lat' dir='ltr'><strong>in·</strong></span> 
     </span>
     <span class='ocr_line' id='line_1_15' title="bbox 75 2864 305 2964; baseline -0.017 -26"><span class='ocrx_word' id='word_1_120' title='bbox 75 2864 305 2964; x_wconf 86' lang='lat' dir='ltr'><strong>vestigemus.</strong></span> 
     </span>
    </p>

    <p class='ocr_par' dir='ltr' id='par_1_3' title="bbox 75 2985 1755 4867">
     <span class='ocr_line' id='line_1_16' title="bbox 217 2985 1714 3093; baseline 0.002 -29"><span class='ocrx_word' id='word_1_121' title='bbox 217 2985 392 3065; x_wconf 90' lang='lat' dir='ltr'><strong>Graeciae</strong></span> <span class='ocrx_word' id='word_1_122' title='bbox 417 2990 581 3065; x_wconf 83' lang='lat' dir='ltr'><strong>civitates</strong></span> <span class='ocrx_word' id='word_1_123' title='bbox 606 2987 696 3064; x_wconf 92' lang='lat' dir='ltr'><strong>dum</strong></span> <span class='ocrx_word' id='word_1_124' title='bbox 719 2991 900 3093; x_wconf 87' lang='lat' dir='ltr'><strong>imperare</strong></span> <span class='ocrx_word' id='word_1_125' title='bbox 925 2988 1087 3092; x_wconf 81' lang='lat' dir='ltr'><strong>singulae</strong></span> <span class='ocrx_word' id='word_1_126' title='bbox 1112 3007 1292 3092; x_wconf 92' lang='lat' dir='ltr'><strong>cuperent</strong></span> <span class='ocrx_word' id='word_1_127' title='bbox 1308 2993 1503 3093; x_wconf 88' lang='lat' dir='ltr'><strong>imperium</strong></span> <span class='ocrx_word' id='word_1_128' title='bbox 1523 3016 1654 3067; x_wconf 89' lang='lat' dir='ltr'><strong>omnes</strong></span> <span class='ocrx_word' id='word_1_129' title='bbox 1710 3004 1714 3008; x_wconf 74' lang='grc'><strong>”</strong></span> 
     </span>
     <span class='ocr_line' id='line_1_17' title="bbox 75 3113 1655 3221; baseline 0.001 -31"><span class='ocrx_word' id='word_1_130' title='bbox 75 3113 293 3221; x_wconf 84' lang='lat' dir='ltr'><strong>perdidisse,</strong></span> <span class='ocrx_word' id='word_1_131' title='bbox 321 3131 425 3192; x_wconf 82' lang='lat' dir='ltr'><strong>vetus</strong></span> <span class='ocrx_word' id='word_1_132' title='bbox 450 3131 505 3195; x_wconf 89' lang='lat' dir='ltr'><strong>est</strong></span> <span class='ocrx_word' id='word_1_133' title='bbox 531 3114 629 3220; x_wconf 90' lang='lat' dir='ltr'><strong>apud</strong></span> <span class='ocrx_word' id='word_1_134' title='bbox 655 3117 835 3193; x_wconf 88' lang='lat' dir='ltr'><strong>Iustinum</strong></span> <span class='ocrx_word' id='word_1_135' title='bbox 859 3114 979 3215; x_wconf 88' lang='lat' dir='ltr'>(VIH.</span> <span class='ocrx_word' id='word_1_136' title='bbox 992 3120 1030 3215; x_wconf 89' lang='lat' dir='ltr'><strong>l)</strong></span> <span class='ocrx_word' id='word_1_137' title='bbox 1057 3119 1250 3194; x_wconf 89' lang='lat' dir='ltr'><strong>sententia.</strong></span> <span class='ocrx_word' id='word_1_138' title='bbox 1302 3116 1435 3219; x_wconf 88' lang='lat' dir='ltr'><strong>Neque</strong></span> <span class='ocrx_word' id='word_1_139' title='bbox 1458 3133 1580 3192; x_wconf 88' lang='lat' dir='ltr'><strong>tamen</strong></span> <span class='ocrx_word' id='word_1_140' title='bbox 1607 3142 1655 3192; x_wconf 82' lang='lat' dir='ltr'><strong>ex</strong></span> 
     </span>
     <span class='ocr_line' id='line_1_18' title="bbox 77 3241 1691 3347; baseline 0.001 -29"><span class='ocrx_word' id='word_1_141' title='bbox 77 3260 206 3321; x_wconf 77' lang='lat' dir='ltr'><strong>munio</strong></span> <span class='ocrx_word' id='word_1_142' title='bbox 230 3243 305 3319; x_wconf 93' lang='lat' dir='ltr'><strong>hoc</strong></span> <span class='ocrx_word' id='word_1_143' title='bbox 330 3246 441 3320; x_wconf 85' lang='lat' dir='ltr'><strong>exitio</strong></span> <span class='ocrx_word' id='word_1_144' title='bbox 468 3241 532 3319; x_wconf 93' lang='lat' dir='ltr'><strong>sed</strong></span> <span class='ocrx_word' id='word_1_145' title='bbox 559 3268 603 3320; x_wconf 82' lang='lat' dir='ltr'><strong>ex</strong></span> <span class='ocrx_word' id='word_1_146' title='bbox 626 3245 778 3321; x_wconf 88' lang='lat' dir='ltr'><strong>internis</strong></span> <span class='ocrx_word' id='word_1_147' title='bbox 804 3247 958 3321; x_wconf 85' lang='lat' dir='ltr'><strong>maxime</strong></span> <span class='ocrx_word' id='word_1_148' title='bbox 984 3245 1172 3321; x_wconf 79' lang='lat' dir='ltr'><strong>civitatum</strong></span> <span class='ocrx_word' id='word_1_149' title='bbox 1197 3242 1352 3320; x_wconf 87' lang='lat' dir='ltr'><strong>dissidiis</strong></span> <span class='ocrx_word' id='word_1_150' title='bbox 1371 3242 1506 3320; x_wconf 87' lang='lat' dir='ltr'><strong>callido</strong></span> <span class='ocrx_word' id='word_1_151' title='bbox 1524 3269 1566 3319; x_wconf 92' lang='lat' dir='ltr'><strong>ac</strong></span> <span class='ocrx_word' id='word_1_152' title='bbox 1582 3269 1653 3347; x_wconf 92' lang='lat' dir='ltr'><strong>po·</strong></span> <span class='ocrx_word' id='word_1_153' title='bbox 1689 3251 1691 3254; x_wconf 81' lang='grc'><strong>’</strong></span> 
     </span>
     <span class='ocr_line' id='line_1_19' title="bbox 76 3358 1650 3474; baseline 0 -29"><span class='ocrx_word' id='word_1_154' title='bbox 76 3374 170 3447; x_wconf 91' lang='lat' dir='ltr'><strong>tenti</strong></span> <span class='ocrx_word' id='word_1_155' title='bbox 198 3358 444 3446; x_wconf 85' lang='lat' dir='ltr'><strong>Macedonum</strong></span> <span class='ocrx_word' id='word_1_156' title='bbox 474 3373 551 3473; x_wconf 88' lang='lat' dir='ltr'><strong>regi</strong></span> <span class='ocrx_word' id='word_1_157' title='bbox 581 3373 728 3474; x_wconf 90' lang='lat' dir='ltr'><strong>copiam</strong></span> <span class='ocrx_word' id='word_1_158' title='bbox 762 3370 895 3445; x_wconf 87' lang='lat' dir='ltr'><strong>factam</strong></span> <span class='ocrx_word' id='word_1_159' title='bbox 925 3393 1003 3444; x_wconf 88' lang='lat' dir='ltr'><strong>esse</strong></span> <span class='ocrx_word' id='word_1_160' title='bbox 1034 3365 1210 3443; x_wconf 88' lang='lat' dir='ltr'><strong>Graeciae</strong></span> <span class='ocrx_word' id='word_1_161' title='bbox 1240 3397 1389 3446; x_wconf 87' lang='lat' dir='ltr'><strong>manum</strong></span> <span class='ocrx_word' id='word_1_162' title='bbox 1420 3369 1650 3465; x_wconf 88' lang='lat' dir='ltr'><strong>intendendi,</strong></span> 
     </span>
     <span class='ocr_line' id='line_1_20' title="bbox 78 3485 1656 3601; baseline -0.002 -26"><span class='ocrx_word' id='word_1_163' title='bbox 78 3500 145 3575; x_wconf 86' lang='lat' dir='ltr'><strong>etsi</strong></span> <span class='ocrx_word' id='word_1_164' title='bbox 170 3485 333 3574; x_wconf 84' lang='lat' dir='ltr'><strong>taceren&#39;t</strong></span> <span class='ocrx_word' id='word_1_165' title='bbox 357 3513 522 3574; x_wconf 90' lang='lat' dir='ltr'><strong>oratores</strong></span> <span class='ocrx_word' id='word_1_166' title='bbox 548 3501 688 3601; x_wconf 88' lang='lat' dir='ltr'><strong>quique</strong></span> <span class='ocrx_word' id='word_1_167' title='bbox 712 3494 947 3572; x_wconf 85' lang='lat' dir='ltr'><strong>disertissime</strong></span> <span class='ocrx_word' id='word_1_168' title='bbox 973 3491 1161 3596; x_wconf 88' lang='lat' dir='ltr'><strong>hodieque</strong></span> <span class='ocrx_word' id='word_1_169' title='bbox 1183 3492 1350 3596; x_wconf 88' lang='lat' dir='ltr'><strong>loquitur</strong></span> <span class='ocrx_word' id='word_1_170' title='bbox 1374 3497 1566 3587; x_wconf 87' lang='lat' dir='ltr'><strong>Isocrates,</strong></span> <span class='ocrx_word' id='word_1_171' title='bbox 1595 3522 1656 3573; x_wconf 90' lang='lat' dir='ltr'><strong>res</strong></span> 
     </span>
     <span class='ocr_line' id='line_1_21' title="bbox 76 3618 1755 3728; baseline -0.002 -29"><span class='ocrx_word' id='word_1_172' title='bbox 76 3629 155 3727; x_wconf 91' lang='lat' dir='ltr'><strong>ipsa</strong></span> <span class='ocrx_word' id='word_1_173' title='bbox 181 3621 344 3702; x_wconf 88' lang='lat' dir='ltr'><strong>doceret.</strong></span> <span class='ocrx_word' id='word_1_174' title='bbox 385 3625 527 3728; x_wconf 86' lang='lat' dir='ltr'><strong>Estque</strong></span> <span class='ocrx_word' id='word_1_175' title='bbox 552 3624 628 3704; x_wconf 91' lang='lat' dir='ltr'><strong>hoc</strong></span> <span class='ocrx_word' id='word_1_176' title='bbox 654 3640 779 3702; x_wconf 88' lang='lat' dir='ltr'><strong>nostra</strong></span> <span class='ocrx_word' id='word_1_177' title='bbox 805 3638 921 3699; x_wconf 87' lang='lat' dir='ltr'><strong>aetate</strong></span> <span class='ocrx_word' id='word_1_178' title='bbox 942 3621 1113 3698; x_wconf 86' lang='lat' dir='ltr'><strong>omnibus</strong></span> <span class='ocrx_word' id='word_1_179' title='bbox 1131 3618 1233 3723; x_wconf 92' lang='lat' dir='ltr'><strong>quod</strong></span> <span class='ocrx_word' id='word_1_180' title='bbox 1252 3624 1362 3696; x_wconf 87' lang='lat' dir='ltr'><strong>sciam</strong></span> <span class='ocrx_word' id='word_1_181' title='bbox 1382 3618 1511 3694; x_wconf 89' lang='lat' dir='ltr'><strong>harum</strong></span> <span class='ocrx_word' id='word_1_182' title='bbox 1530 3646 1654 3696; x_wconf 90' lang='lat' dir='ltr'><strong>rernm</strong></span> <span class='ocrx_word' id='word_1_183' title='bbox 1752 3698 1755 3704; x_wconf 72' lang='grc'><strong>,</strong></span> 
     </span>
     <span class='ocr_line' id='line_1_22' title="bbox 77 3745 1654 3857; baseline -0.004 -27"><span class='ocrx_word' id='word_1_184' title='bbox 77 3753 339 3830; x_wconf 87' lang='lat' dir='ltr'><strong>scrutatoribus</strong></span> <span class='ocrx_word' id='word_1_185' title='bbox 369 3751 580 3857; x_wconf 86' lang='lat' dir='ltr'><strong>planissime</strong></span> <span class='ocrx_word' id='word_1_186' title='bbox 611 3752 833 3857; x_wconf 78' lang='lat' dir='ltr'><strong>expositum.</strong></span> <span class='ocrx_word' id='word_1_187' title='bbox 878 3745 965 3826; x_wconf 86' lang='lat' dir='ltr'><strong>&#39;Sed</strong></span> <span class='ocrx_word' id='word_1_188' title='bbox 1002 3751 1101 3827; x_wconf 84' lang='lat' dir='ltr'><strong>iuvat</strong></span> <span class='ocrx_word' id='word_1_189' title='bbox 1129 3747 1393 3851; x_wconf 85' lang='lat' dir='ltr'><strong>aliquantisper</strong></span> <span class='ocrx_word' id='word_1_190' title='bbox 1429 3746 1654 3824; x_wconf 88' lang='lat' dir='ltr'><strong>Isocrateum</strong></span> 
     </span>
     <span class='ocr_line' id='line_1_23' title="bbox 77 3856 1653 3984; baseline -0.003 -32"><span class='ocrx_word' id='word_1_191' title='bbox 77 3879 266 3982; x_wconf 92' lang='lat' dir='ltr'><strong>speculum</strong></span> <span class='ocrx_word' id='word_1_192' title='bbox 298 3883 496 3984; x_wconf 89' lang='lat' dir='ltr'><strong>inspicere,</strong></span> <span class='ocrx_word' id='word_1_193' title='bbox 533 3905 702 3982; x_wconf 89' lang='lat' dir='ltr'><strong>quaeque</strong></span> <span class='ocrx_word' id='word_1_194' title='bbox 733 3877 843 3952; x_wconf 80' lang='lat' dir='ltr'><strong>iacies</strong></span> <span class='ocrx_word' id='word_1_195' title='bbox 871 3874 981 3950; x_wconf 77' lang='lat' dir='ltr'><strong>frierit</strong></span> <span class='ocrx_word' id='word_1_196' title='bbox 1005 3856 1293 3951; x_wconf 77' lang='lat' dir='ltr'><strong>Atheniensium&#39;</strong></span> <span class='ocrx_word' id='word_1_197' title='bbox 1310 3876 1440 3950; x_wconf 88' lang='lat' dir='ltr'><strong>turbae</strong></span> <span class='ocrx_word' id='word_1_198' title='bbox 1464 3872 1551 3949; x_wconf 90' lang='lat' dir='ltr'><strong>inde</strong></span> <span class='ocrx_word' id='word_1_199' title='bbox 1576 3900 1653 3949; x_wconf 88' lang='lat' dir='ltr'><strong>ma·</strong></span> 
     </span>
     <span class='ocr_line' id='line_1_24' title="bbox 76 4000 1653 4107; baseline -0.002 -30"><span class='ocrx_word' id='word_1_200' title='bbox 76 4007 173 4078; x_wconf 83' lang='lat' dir='ltr'><strong>xime</strong></span> <span class='ocrx_word' id='word_1_201' title='bbox 199 4029 430 4106; x_wconf 85' lang='lat' dir='ltr'><strong>expromere.</strong></span> <span class='ocrx_word' id='word_1_202' title='bbox 472 4003 596 4101; x_wconf 90' lang='lat' dir='ltr'><strong>Quem</strong></span> <span class='ocrx_word' id='word_1_203' title='bbox 622 4007 786 4107; x_wconf 82' lang='lat' dir='ltr'><strong>quamvis</strong></span> <span class='ocrx_word' id='word_1_204' title='bbox 811 4005 987 4078; x_wconf 88' lang='lat' dir='ltr'><strong>crassiore</strong></span> <span class='ocrx_word' id='word_1_205' title='bbox 1012 4000 1196 4078; x_wconf 91' lang='lat' dir='ltr'><strong>interdum</strong></span> <span class='ocrx_word' id='word_1_206' title='bbox 1214 4000 1355 4076; x_wconf 87' lang='lat' dir='ltr'><strong>calamo</strong></span> <span class='ocrx_word' id='word_1_207' title='bbox 1378 4000 1549 4103; x_wconf 89' lang='lat' dir='ltr'><strong>aequales</strong></span> <span class='ocrx_word' id='word_1_208' title='bbox 1566 4025 1653 4103; x_wconf 92' lang='lat' dir='ltr'><strong>per·</strong></span> 
     </span>
     <span class='ocr_line' id='line_1_25' title="bbox 77 4127 1652 4229; baseline -0.002 -23"><span class='ocrx_word' id='word_1_209' title='bbox 77 4132 262 4206; x_wconf 83' lang='lat' dir='ltr'><strong>strinxisse</strong></span> <span class='ocrx_word' id='word_1_210' title='bbox 294 4128 466 4220; x_wconf 84' lang='lat' dir='ltr'><strong>dixerim,</strong></span> <span class='ocrx_word' id='word_1_211' title='bbox 500 4156 578 4205; x_wconf 86' lang='lat' dir='ltr'><strong>non</strong></span> <span class='ocrx_word' id='word_1_212' title='bbox 608 4147 731 4207; x_wconf 88' lang='lat' dir='ltr'><strong>tamen</strong></span> <span class='ocrx_word' id='word_1_213' title='bbox 761 4155 783 4205; x_wconf 87' lang='lat' dir='ltr'><strong>e</strong></span> <span class='ocrx_word' id='word_1_214' title='bbox 808 4155 904 4208; x_wconf 82' lang='lat' dir='ltr'><strong>vano</strong></span> <span class='ocrx_word' id='word_1_215' title='bbox 928 4128 1093 4221; x_wconf 85' lang='lat' dir='ltr'><strong>finxisse,</strong></span> <span class='ocrx_word' id='word_1_216' title='bbox 1127 4143 1169 4205; x_wconf 91' lang='lat' dir='ltr'><strong>nt</strong></span> <span class='ocrx_word' id='word_1_217' title='bbox 1192 4154 1294 4203; x_wconf 90' lang='lat' dir='ltr'><strong>suam</strong></span> <span class='ocrx_word' id='word_1_218' title='bbox 1325 4127 1484 4229; x_wconf 89' lang='lat' dir='ltr'><strong>aliquam</strong></span> <span class='ocrx_word' id='word_1_219' title='bbox 1514 4142 1652 4203; x_wconf 89' lang='lat' dir='ltr'><strong>temere</strong></span> 
     </span>
     <span class='ocr_line' id='line_1_26' title="bbox 77 4253 1652 4360; baseline -0.001 -27"><span class='ocrx_word' id='word_1_220' title='bbox 77 4274 257 4360; x_wconf 90' lang='lat' dir='ltr'><strong>arreptam</strong></span> <span class='ocrx_word' id='word_1_221' title='bbox 295 4256 452 4358; x_wconf 89' lang='lat' dir='ltr'><strong>soloque</strong></span> <span class='ocrx_word' id='word_1_222' title='bbox 483 4257 631 4358; x_wconf 90' lang='lat' dir='ltr'><strong>ingenio</strong></span> <span class='ocrx_word' id='word_1_223' title='bbox 666 4261 705 4330; x_wconf 92' lang='lat' dir='ltr'><strong>in</strong></span> <span class='ocrx_word' id='word_1_224' title='bbox 735 4258 952 4333; x_wconf 87' lang='lat' dir='ltr'><strong>immensum</strong></span> <span class='ocrx_word' id='word_1_225' title='bbox 984 4271 1126 4331; x_wconf 90' lang='lat' dir='ltr'><strong>auctam</strong></span> <span class='ocrx_word' id='word_1_226' title='bbox 1156 4255 1435 4332; x_wconf 85' lang='lat' dir='ltr'><strong>Atheniensium</strong></span> <span class='ocrx_word' id='word_1_227' title='bbox 1468 4253 1652 4332; x_wconf 81' lang='lat' dir='ltr'><strong>felicitatis</strong></span> 
     </span>
     <span class='ocr_line' id='line_1_27' title="bbox 77 4383 1648 4488; baseline -0.002 -29"><span class='ocrx_word' id='word_1_228' title='bbox 77 4387 237 4488; x_wconf 89' lang='lat' dir='ltr'><strong>speciem</strong></span> <span class='ocrx_word' id='word_1_229' title='bbox 267 4397 575 4486; x_wconf 83' lang='lat' dir='ltr'><strong>repraesentaret,</strong></span> <span class='ocrx_word' id='word_1_230' title='bbox 612 4385 655 4458; x_wconf 90' lang='lat' dir='ltr'><strong>iis</strong></span> <span class='ocrx_word' id='word_1_231' title='bbox 690 4409 785 4488; x_wconf 92' lang='lat' dir='ltr'><strong>qnae</strong></span> <span class='ocrx_word' id='word_1_232' title='bbox 817 4410 857 4462; x_wconf 90' lang='lat' dir='ltr'><strong>re</strong></span> <span class='ocrx_word' id='word_1_233' title='bbox 892 4399 1092 4461; x_wconf 84' lang='lat' dir='ltr'><strong>evenerunt</strong></span> <span class='ocrx_word' id='word_1_234' title='bbox 1123 4383 1235 4488; x_wconf 91' lang='lat' dir='ltr'><strong>plane</strong></span> <span class='ocrx_word' id='word_1_235' title='bbox 1266 4383 1548 4486; x_wconf 91' lang='lat' dir='ltr'><strong>comprobatum</strong></span> <span class='ocrx_word' id='word_1_236' title='bbox 1580 4398 1648 4458; x_wconf 88' lang='lat' dir='ltr'><strong>est.</strong></span> 
     </span>
     <span class='ocr_line' id='line_1_28' title="bbox 78 4506 1651 4613; baseline -0.001 -31"><span class='ocrx_word' id='word_1_237' title='bbox 78 4509 250 4585; x_wconf 88' lang='lat' dir='ltr'><strong>Veterem</strong></span> <span class='ocrx_word' id='word_1_238' title='bbox 279 4536 380 4585; x_wconf 88' lang='lat' dir='ltr'><strong>snam</strong></span> <span class='ocrx_word' id='word_1_239' title='bbox 411 4508 563 4612; x_wconf 86' lang='lat' dir='ltr'><strong>gloriam</strong></span> <span class='ocrx_word' id='word_1_240' title='bbox 594 4514 719 4611; x_wconf 89' lang='lat' dir='ltr'><strong>prensi</strong></span> <span class='ocrx_word' id='word_1_241' title='bbox 750 4513 873 4587; x_wconf 92' lang='lat' dir='ltr'><strong>subito</strong></span> <span class='ocrx_word' id='word_1_242' title='bbox 904 4506 1139 4613; x_wconf 87' lang='lat' dir='ltr'><strong>quotidianae</strong></span> <span class='ocrx_word' id='word_1_243' title='bbox 1170 4533 1278 4584; x_wconf 77' lang='lat' dir='ltr'><strong>cauae</strong></span> <span class='ocrx_word' id='word_1_244' title='bbox 1305 4524 1343 4583; x_wconf 90' lang='lat' dir='ltr'><strong>et</strong></span> <span class='ocrx_word' id='word_1_245' title='bbox 1368 4513 1506 4584; x_wconf 86' lang='lat' dir='ltr'><strong>externi</strong></span> <span class='ocrx_word' id='word_1_246' title='bbox 1532 4523 1651 4582; x_wconf 90' lang='lat' dir='ltr'><strong>metus</strong></span> 
     </span>
     <span class='ocr_line' id='line_1_29' title="bbox 78 4634 1652 4742; baseline -0.001 -33"><span class='ocrx_word' id='word_1_247' title='bbox 78 4639 298 4735; x_wconf 84' lang='lat' dir='ltr'><strong>cogitatione</strong></span> <span class='ocrx_word' id='word_1_248' title='bbox 318 4638 516 4742; x_wconf 88' lang='lat' dir='ltr'><strong>plerosque</strong></span> <span class='ocrx_word' id='word_1_249' title='bbox 534 4634 814 4713; x_wconf 87' lang='lat' dir='ltr'><strong>Atheniensium</strong></span> <span class='ocrx_word' id='word_1_250' title='bbox 834 4634 1068 4724; x_wconf 90' lang='lat' dir='ltr'><strong>desiderasse,</strong></span> <span class='ocrx_word' id='word_1_251' title='bbox 1084 4653 1231 4740; x_wconf 89' lang='lat' dir='ltr'><strong>praeter</strong></span> <span class='ocrx_word' id='word_1_252' title='bbox 1250 4634 1345 4723; x_wconf 90' lang='lat' dir='ltr'><strong>illos,</strong></span> <span class='ocrx_word' id='word_1_253' title='bbox 1365 4661 1523 4737; x_wconf 90' lang='lat' dir='ltr'><strong>quorum</strong></span> <span class='ocrx_word' id='word_1_254' title='bbox 1540 4658 1652 4708; x_wconf 90' lang='lat' dir='ltr'><strong>manu</strong></span> 
     </span>
     <span class='ocr_line' id='line_1_30' title="bbox 79 4758 1651 4867; baseline 0 -32"><span class='ocrx_word' id='word_1_255' title='bbox 79 4758 307 4836; x_wconf 89' lang='lat' dir='ltr'><strong>ducebantur</strong></span> <span class='ocrx_word' id='word_1_256' title='bbox 331 4782 508 4856; x_wconf 86' lang='lat' dir='ltr'><strong>oratores,</strong></span> <span class='ocrx_word' id='word_1_257' title='bbox 543 4761 630 4838; x_wconf 92' lang='lat' dir='ltr'><strong>inde</strong></span> <span class='ocrx_word' id='word_1_258' title='bbox 657 4767 799 4867; x_wconf 92' lang='lat' dir='ltr'><strong>optimo</strong></span> <span class='ocrx_word' id='word_1_259' title='bbox 831 4780 897 4838; x_wconf 92' lang='lat' dir='ltr'><strong>tuo</strong></span> <span class='ocrx_word' id='word_1_260' title='bbox 929 4766 1007 4837; x_wconf 91' lang='lat' dir='ltr'><strong>iure</strong></span> <span class='ocrx_word' id='word_1_261' title='bbox 1032 4787 1222 4865; x_wconf 86' lang='lat' dir='ltr'><strong>augurare,</strong></span> <span class='ocrx_word' id='word_1_262' title='bbox 1257 4759 1360 4866; x_wconf 93' lang='lat' dir='ltr'><strong>quod</strong></span> <span class='ocrx_word' id='word_1_263' title='bbox 1392 4759 1439 4841; x_wconf 81' lang='lat' dir='ltr'><strong>de</strong></span> <span class='ocrx_word' id='word_1_264' title='bbox 1464 4759 1547 4834; x_wconf 81' lang='lat' dir='ltr'><strong>foro</strong></span> <span class='ocrx_word' id='word_1_265' title='bbox 1573 4764 1651 4835; x_wconf 91' lang='lat' dir='ltr'><strong>sine</strong></span> 
     </span>
    </p>
   </div>
   <div class='ocr_carea' id='block_1_3' title="bbox 80 4881 1747 4994">
    <p class='ocr_par' dir='ltr' id='par_1_4' title="bbox 80 4881 1747 4994">
     <span class='ocr_line' id='line_1_31' title="bbox 80 4881 1747 4994; baseline 0 -33"><span class='ocrx_word' id='word_1_266' title='bbox 80 4881 225 4961; x_wconf 84' lang='lat' dir='ltr'><strong>fastidio</strong></span> <span class='ocrx_word' id='word_1_267' title='bbox 243 4913 361 4988; x_wconf 90' lang='lat' dir='ltr'><strong>usque</strong></span> <span class='ocrx_word' id='word_1_268' title='bbox 379 4895 555 4993; x_wconf 90' lang='lat' dir='ltr'><strong>repetitos</strong></span> <span class='ocrx_word' id='word_1_269' title='bbox 573 4887 738 4968; x_wconf 82' lang='lat' dir='ltr'><strong>videmus</strong></span> <span class='ocrx_word' id='word_1_270' title='bbox 758 4895 935 4967; x_wconf 87' lang='lat' dir='ltr'><strong>maiorum</strong></span> <span class='ocrx_word' id='word_1_271' title='bbox 953 4885 1183 4994; x_wconf 89' lang='lat' dir='ltr'><strong>splendores,</strong></span> <span class='ocrx_word' id='word_1_272' title='bbox 1208 4914 1347 4991; x_wconf 90' lang='lat' dir='ltr'><strong>eosque</strong></span> <span class='ocrx_word' id='word_1_273' title='bbox 1365 4912 1443 4962; x_wconf 89' lang='lat' dir='ltr'><strong>non</strong></span> <span class='ocrx_word' id='word_1_274' title='bbox 1459 4884 1650 4989; x_wconf 88' lang='lat' dir='ltr'><strong>indignan-</strong></span> <span class='ocrx_word' id='word_1_275' title='bbox 1736 4882 1747 4893; x_wconf 76' lang='grc'><strong>”</strong></span> 
     </span>
    </p>
   </div>
   <div class='ocr_carea' id='block_1_4' title="bbox 0 0 2325 5940">
    <p class='ocr_par' dir='ltr' id='par_1_5' title="bbox 0 0 2325 5940">
     <span class='ocr_line' id='line_1_32' title="bbox 0 0 2325 5940; baseline 0 0"><span class='ocrx_word' id='word_1_276' title='bbox 0 0 2325 5940; x_wconf 95' lang='lat' dir='ltr'><strong> </strong></span> 
     </span>
    </p>
   </div>
  </div>
 </body>
</html>
