4636 5940
1083 369 1138 460 72

240 596 248 609 ³
325 583 379 652 tio
404 577 489 649 anni
514 569 746 662 Nicomachi,
764 582 910 677 pestate
935 569 1021 641 341.
1060 564 1203 640 Tamen
1228 568 1267 639 in
1292 566 1447 668 epistola
1473 565 1653 672 Philippi,
1684 593 1792 672 quam
1816 600 1901 676 spu·

217 752 221 763 ·
325 706 399 776 riae
421 698 572 802 quidem
592 699 751 773 orationi
769 692 1079 770 Demosthenicae
1101 689 1279 766 adiectam
1299 691 1489 786 habemus,
1516 721 1716 799 quamque,
1741 701 1808 772 etsi
1828 702 1905 801 ipsa

324 832 371 903 sit
397 830 532 930 spuria,
562 842 686 898 tamen
709 849 729 897 e
751 821 1004 925 Theopompo
1025 818 1179 922 aliisque
1201 818 1407 894 conlectam
1428 820 1592 896 fontibus
1612 847 1697 899 vera
1719 828 1907 900 continere

325 952 422 1028 haud
457 951 610 1027 dubium
646 967 701 1024 est
728 951 827 1048 (²⁵³),
865 973 990 1050 regem
1021 945 1308 1021 Atheniensibus
1343 949 1626 1050 exprobrantem
1659 949 1746 1026 fecit
1780 967 1907 1026 auctor

324 1109 365 1182 p.
382 1081 453 1153 159
467 1078 549 1153 fin.:
580 1072 727 1154 Καλλίας
750 1071 851 1150 τοίνυν
874 1077 890 1146 ὅ
917 1074 999 1182 παρ’
1022 1073 1111 1162 ὑμῶν
1136 1065 1322 1182 στρατηγὸς
1347 1068 1407 1150 τὰς
1432 1069 1487 1164 μὲν
1511 1066 1620 1152 πίλοις
1639 1070 1701 1153 τὰς
1719 1079 1750 1149 ἓν
1770 1079 1817 1171 τῷ
1837 1088 1908 1151 [ια.

324 1203 448 1303 γασίτῃ
476 1197 590 1298 κίλπῳ
616 1195 869 1292 κατοικουμένας
894 1189 1018 1280 ἔλαβεν
1045 1191 1194 1282 ἁπιίσας,
1219 1201 1292 1289 ὑμῖν
1313 1194 1369 1290 μὲν
1389 1193 1534 1309 ἓνίρκους
1547 1198 1619 1291 ’ἐμοὶ
1636 1196 1669 1275 di
1689 1199 1909 1296 συμμαχίδας

326 1325 442 1414 οὔσας,
473 1325 548 1406 τοὺς
576 1323 608 1401 d'
634 1332 677 1405 εἷς
702 1320 899 1400 Μακεδονίαν
932 1320 1090 1403 πλέοντας
1121 1317 1239 1399 ἓπυίλει
1264 1319 1391 1404 πάντας
1416 1322 1589 1417 πολεμίους
1614 1324 1739 1436 κρίνων·
1774 1326 1830 1403 καί
1854 1325 1908 1405 hd

326 1451 433 1531 ταῦθ’
456 1459 547 1546 ὑμεῖς
572 1456 711 1552 ἐπῃνεῖτ’
733 1447 830 1527 αὐτὸν
850 1456 881 1525 ἓν
902 1456 968 1530 τοῖς
986 1448 1217 1550 ψηφίσμασιν.
1249 1450 1356 1528 Patet
1377 1478 1397 1527 e
1417 1456 1538 1530 verbis
1559 1457 1575 1527 i
1596 1455 1677 1563 παρ’
1692 1456 1780 1545 ὑμῶν
1801 1484 1906 1566 στρα-

326 1579 424 1672 πηγὸς
446 1584 538 1679 (non
561 1584 576 1654 ὃ
598 1608 714 1690 στρατ.
735 1580 840 1679 ὑμῶν)
866 1596 904 1655 et
928 1580 1067 1676 inquit?
1089 1572 1184 1652 αὐτὸν
1210 1582 1241 1651 ἐν
1267 1608 1298 1652 τ.
1318 1574 1427 1679 slep„
1457 1607 1535 1655 non
1554 1580 1818 1657 Atheniensem
1839 1582 1905 1657 du-

326 1736 407 1785 cem
433 1708 497 1784 sed
524 1708 630 1784 illum
657 1733 734 1782 esse
762 1706 933 1798 Calliam,
967 1709 1033 1807 qui
1064 1730 1132 1807 per
1157 1705 1400 1781 Athenienses
1433 1706 1566 1781 milites
1599 1725 1725 1784 auctus
1755 1709 1820 1784 has
1839 1735 1907 1784 ex·

325 1834 534 1940 peditiones
559 1835 647 1911 fecit
670 1834 768 1934 (²⁵⁴).
810 1834 932 1907 Etiam
959 1831 1083 1906 multis
1109 1835 1212 1906 annis
1238 1849 1325 1935 post
1349 1833 1620 1910 Demosthenes
1645 1833 1785 1910 Calliae
1812 1840 1907 1911 eius-

327 1989 400 2065 que
426 1963 529 2037 fratri
553 1960 800 2036 Taurostheni
829 1957 1030 2034 admodum
1059 1958 1148 2034 lavit
1171 1959 1271 2059 (²⁵⁵).
1313 1956 1472 2063 Propter
1497 1961 1690 2036 Euboeam
1716 1962 1908 2037 liberatam

326 2090 488 2193 populus
514 2088 795 2162 Atheniensium
822 2087 1032 2161 Aristonico
1063 2102 1216 2189 rogante
1246 2085 1492 2162 Demostheni
1523 2112 1698 2163 coronam
1730 2087 1904 2181 decrevit,

327 2242 398 2319 qua
423 2219 501 2289 sine
522 2212 636 2288 dubio
658 2216 836 2315 proximis
855 2213 1045 2316 Dionysiis
1067 2216 1205 2315 magnis
1226 2212 1430 2288 celebratus
1452 2230 1520 2306 est,
1549 2242 1599 2288 m.
1616 2215 1750 2289 Martio
1772 2217 1905 2290 nete.

325 2343 444 2417 Multa
470 2340 539 2414 alia
566 2339 640 2414 hoc
665 2364 762 2414 anno
790 2354 827 2413 et
852 2340 1091 2441 sequentibus
1117 2338 1277 2443 Atheniq
1298 2341 1544 2441 agitabantur3
1577 2366 1699 2444 neque
1725 2344 1908 2417 immerito

326 2473 404 2572 ipse
424 2465 695 2543 Demosthenes
722 2468 911 2567 negotium
937 2492 1043 2541 suum
1069 2465 1293 2569 reipublicae
1318 2466 1498 2568 gerendae
1522 2468 1568 2541 ab
1590 2494 1687 2543 anno
1705 2466 1909 2572 Pythodoti

326 2598 460 2697 repetit
479 2591 541 2690 (de
559 2617 633 2666 cor.
651 2618 691 2694 p.
703 2592 777 2664 230
792 2596 908 2687 extu).
939 2589 1043 2663 Nihil
1063 2595 1295 2692 inexpertum
1315 2596 1469 2684 omittit3
1496 2593 1588 2668 nulli
1608 2598 1661 2668 rei
1681 2599 1811 2697 parcit,
1837 2622 1909 2697 qua

326 2719 569 2793 Athenienses
596 2715 641 2790 ad
668 2742 829 2790 summos
854 2716 1000 2790 labores
1026 2713 1237 2790 subeundos
1265 2720 1412 2791 excitari
1435 2721 1593 2820 possint.
1642 2719 1727 2822 lpse
1755 2720 1908 2823 legatio·

327 2869 412 2918 nem
437 2845 589 2944 suscipit
614 2839 660 2915 ad
686 2841 900 2944 Byzantios3
938 2841 997 2933 hi,
1032 2845 1098 2916 etsi
1123 2867 1201 2916 non
1226 2840 1349 2936 illico,
1385 2869 1473 2919 mox
1497 2861 1622 2919 tamen
1648 2843 1795 2921 insidias
1820 2845 1908 2920 Phi·

326 2971 421 3073 lippi
459 2994 620 3071 suaeque
657 2968 760 3041 urbis
798 2971 978 3069 impetum
1014 2971 1155 3071 experti
1188 2966 1320 3043 foedus
1352 2996 1436 3044 cum
1465 2971 1752 3048 Atheniensibus
1784 2977 1906 3067 icunt3

327 3096 569 3172 Athenienses
595 3096 734 3196 magnis
758 3094 896 3169 viribus
928 3091 1114 3183 adiuvant,
1151 3090 1271 3168 donec
1297 3092 1492 3197 Philippus
1519 3101 1626 3170 etiam
1652 3102 1818 3201 ipsorum
1843 3125 1907 3174 na-

327 3249 388 3301 res
414 3221 695 3298 Atheniensium
722 3219 892 3322 diripuit,
928 3236 1126 3322 postquam
1152 3219 1304 3310 frustra,
1333 3220 1490 3322 epistola
1515 3221 1679 3297 Athenas
1704 3228 1831 3317 missa,
1861 3230 1908 3300 si·

369 3523 440 3606 (¹⁵³)
471 3525 618 3607 Droysen.
633 3522 720 3606 pst.
742 3523 781 3585 cs.
795 3522 901 3604 peta.
922 3523 990 3584 vide
1010 3524 1110 3584 Ranle
1132 3524 1151 3584 Ι.
1163 3525 1182 3583 Ι.

370 3642 440 3723 (¹⁵⁴)
471 3632 623 3704 Acachia
637 3639 718 3704 (lies.
732 3641 823 3724 p.65:
843 3633 892 3701 neti
912 3636 944 3698 ad
965 3644 1125 3700 τελευταῖον
1146 3633 1337 3719 στεφανώσας
1356 3640 1422 3706 τούς
1441 3639 1513 3713 und
1525 3639 1727 3729 Ἀριστοδήμου
1749 3649 1788 3710 εἷς
1801 3654 1909 3710 Θεττα·

328 3739 393 3805 λίαν
413 3740 491 3829 παρὰ
512 3739 565 3807 τὰς
585 3746 635 3814 τῆς
655 3735 760 3829 εἰρήνης
780 3733 933 3815 συνθήκας
953 3735 1230 3827 ἐπιστρατεύσαντας
1255 3738 1305 3815 τήν
1325 3733 1373 3815 μίν
1394 3734 1497 3829 εἰρήνην
1518 3737 1646 3815 iritum,
1672 3742 1722 3819 τήν
1743 3739 1775 3806 di
1796 3764 1909 3829 συμφο-

328 3843 379 3931 ροὶυ
400 3836 447 3904 καί
468 3840 515 3903 adv
535 3838 656 3914 πίλεμου
676 3836 899 3928 παρεσκοιίασευ.
937 3841 1046 3904 Eadem
1068 3840 1178 3904 Calliae
1200 3843 1347 3924 expeditio
1368 3856 1420 3905 esi.
1460 3840 1535 3904 Cum
1556 3846 1633 3908 enim
1655 3844 1760 3909 Callias
1781 3850 1908 3914 offensus

330 3966 347 4005 a
367 3944 512 4006 Thessalis
533 3943 662 4026 Philippi
682 3943 770 4006 sociis
791 3943 912 4005 fortasse
934 3941 1052 4004 navibus
1068 3940 1306 4006 Chalcidensibus
1327 3955 1394 4026 post
1414 3955 1492 4005 ortas
1513 3945 1676 4008 inimicitias
1697 3948 1906 4029 direptis,1’a-

329 4064 409 4129 gasas
429 4054 549 4126 urgeret
568 4064 712 4125 navesque
733 4045 764 4104 in
777 4043 979 4106 Macedoniam
1000 4043 1088 4105 ituras
1109 4043 1269 4122 insultaret,
1283 4043 1488 4106 Aristodemus
1509 4047 1609 4108 nescio
1629 4066 1665 4105 an
1679 4046 1756 4109 iorte
1771 4069 1908 4112 excursor

329 4142 611 4206 mercenariorumve
633 4140 704 4220 dux,
731 4155 765 4203 ut
784 4145 838 4205 iste
859 4142 1026 4205 Alcibiades
1048 4165 1094 4225 ap.
1113 4142 1219 4207 Aesch.
1239 4137 1300 4232 περὶ
1320 4137 1427 4230 πρεσβ.
1448 4167 1477 4228 p.
1485 4145 1535 4207 50.
1552 4147 1609 4220 30,
1630 4166 1665 4206 ex
1685 4143 1907 4212 Atheniensibus

329 4243 484 4308 nonnullos
510 4240 566 4302 sibi
592 4239 757 4324 adsumpsit.
794 4241 895 4305 Nolim
922 4244 1043 4305 alterum
1070 4243 1149 4326 qnod
1170 4245 1312 4328 proponit
1330 4243 1476 4328 Droysen.
1497 4243 1609 4327 plat,
1636 4257 1669 4306 ut
1689 4245 1800 4332 legatur
1820 4254 1906 4336 Χαρι-

332 4337 437 4421 δήμου,
463 4340 599 4424 quoniam
620 4339 666 4403 rir
685 4340 803 4403 militari
824 4364 856 4405 rc
877 4342 1016 4426 probatus
1038 4355 1120 4407 certo
1141 4358 1199 4406 tam
1219 4345 1300 4429 gravi
1322 4343 1500 4428 expeditioni
1520 4343 1556 4406 ah
1577 4344 1800 4411 Atheniensibus
1821 4371 1906 4432 prac-

330 4447 423 4509 iectus
449 4443 550 4516 luerit;
578 4444 667 4505 immo
694 4441 815 4504 alterum
842 4456 965 4527 propter
992 4443 1049 4508 loc.
1077 4467 1111 4508 ex
1138 4445 1260 4528 epistola
1275 4443 1408 4528 Philippi
1436 4445 1566 4523 allatum,
1593 4459 1626 4508 ut
1650 4447 1842 4511 Athenienses
1869 4451 1906 4512 de

332 4547 507 4628 composito,
528 4545 628 4627 quiqui
649 4543 760 4607 vellent
780 4544 972 4607 admitterent

372 4659 443 4741 (¹⁸⁸)
474 4663 580 4726 Aetch.
597 4663 628 4725 in
643 4660 723 4726 Ctes.
737 4686 766 4747 p.
775 4663 825 4726 66.
846 4662 916 4726 Din.
930 4663 993 4725 adv.
1007 4665 1094 4728 Dem.
1109 4664 1198 4749 p.96.
1211 4660 1231 4748 ᾖ
1242 4662 1297 4726 45:
1317 4657 1336 4738 ή
1356 4662 1387 4724 τὸ
1402 4657 1523 4752 γρᾶιίνοιι
1539 4661 1741 4754 Ταυροσθίνην
1752 4665 1908 4741 Ἀθηναῖον

332 4752 400 4822 εἶναι
420 4758 486 4826 τούς
504 4754 553 4833 μίν
574 4764 665 4825 αὑτοῦ
683 4758 801 4830 πολίταις
827 4759 1135 4837 καταδουλωσάμενον,
1160 4767 1210 4838 τῆς
1231 4761 1262 4824 δ’
1277 4758 1408 4834 Εὖβοίας
1427 4758 1494 4840 ὅλης
1513 4766 1585 4839 μετα
1605 4771 1657 4827 τοῦ
1676 4765 1808 4847 dictos&
1826 4775 1906 4830 Kea-

332 4855 392 4923 λίου
414 4855 548 4944 προδίτηυ
568 4861 696 4944 Φιλίππῳ
717 4857 917 4958 γεγινημίνουρ
1560 4864 1562 4869 ’
