<?xml version="1.0" encoding="UTF-8"?>
<!DOCTYPE html PUBLIC "-//W3C//DTD XHTML 1.0 Transitional//EN"
    "http://www.w3.org/TR/xhtml1/DTD/xhtml1-transitional.dtd">
<html xmlns="http://www.w3.org/1999/xhtml" xml:lang="en" lang="en">
 <head>
  <title>
</title>
<meta http-equiv="Content-Type" content="text/html;charset=utf-8" />
  <meta name='ocr-system' content='tesseract 3.04.00' />
  <meta name='ocr-capabilities' content='ocr_page ocr_carea ocr_par ocr_line ocrx_word'/>
</head>
<body>
  <div class='ocr_page' id='page_1' title='image "./deaeschinisorat00stecgoog_0040.png"; bbox 0 0 4636 5940; ppageno 0'>
   <div class='ocr_carea' id='block_1_1' title="bbox 1127 424 1185 513">
    <p class='ocr_par' dir='ltr' id='par_1_1' title="bbox 1127 424 1185 513">
     <span class='ocr_line' id='line_1_1' title="bbox 1127 424 1185 513; baseline 0.034 -2"><span class='ocrx_word' id='word_1_1' title='bbox 1127 424 1185 513; x_wconf 83' lang='lat'>29</span> 
     </span>
    </p>
   </div>
   <div class='ocr_carea' id='block_1_2' title="bbox 274 612 2044 2996">
    <p class='ocr_par' dir='ltr' id='par_1_2' title="bbox 274 612 1946 1101">
     <span class='ocr_line' id='line_1_2' title="bbox 367 612 1946 723; baseline -0.001 -26"><span class='ocrx_word' id='word_1_2' title='bbox 367 645 445 697; x_wconf 90' lang='lat' dir='ltr'>esse</span> <span class='ocrx_word' id='word_1_3' title='bbox 472 620 639 722; x_wconf 91' lang='lat' dir='ltr'>legimus;</span> <span class='ocrx_word' id='word_1_4' title='bbox 667 616 755 692; x_wconf 91' lang='lat' dir='ltr'>dum</span> <span class='ocrx_word' id='word_1_5' title='bbox 780 616 994 707; x_wconf 80' lang='lat' dir='ltr'><strong>Aeschines,</strong></span> <span class='ocrx_word' id='word_1_6' title='bbox 1023 612 1061 689; x_wconf 92' lang='lat' dir='ltr'>id</span> <span class='ocrx_word' id='word_1_7' title='bbox 1090 615 1192 718; x_wconf 92' lang='lat' dir='ltr'>quod</span> <span class='ocrx_word' id='word_1_8' title='bbox 1220 622 1387 709; x_wconf 91' lang='lat' dir='ltr'>omnino,</span> <span class='ocrx_word' id='word_1_9' title='bbox 1416 624 1485 693; x_wconf 89' lang='lat' dir='ltr'>uisi</span> <span class='ocrx_word' id='word_1_10' title='bbox 1512 647 1532 692; x_wconf 89' lang='lat' dir='ltr'>a</span> <span class='ocrx_word' id='word_1_11' title='bbox 1558 620 1703 723; x_wconf 91' lang='lat' dir='ltr'>populo</span> <span class='ocrx_word' id='word_1_12' title='bbox 1726 620 1770 694; x_wconf 90' lang='lat' dir='ltr'>ad</span> <span class='ocrx_word' id='word_1_13' title='bbox 1796 619 1946 723; x_wconf 89' lang='lat' dir='ltr'>legatio·</span> 
     </span>
     <span class='ocr_line' id='line_1_3' title="bbox 368 739 1946 851; baseline 0 -29"><span class='ocrx_word' id='word_1_14' title='bbox 368 769 433 822; x_wconf 89' lang='lat' dir='ltr'>nes</span> <span class='ocrx_word' id='word_1_15' title='bbox 464 739 632 851; x_wconf 89' lang='lat' dir='ltr'>publicas</span> <span class='ocrx_word' id='word_1_16' title='bbox 663 760 846 819; x_wconf 82' lang='lat' dir='ltr'>crearetur</span> <span class='ocrx_word' id='word_1_17' title='bbox 875 743 935 818; x_wconf 82' lang='lat' dir='ltr'>vel</span> <span class='ocrx_word' id='word_1_18' title='bbox 963 746 1010 818; x_wconf 94' lang='lat' dir='ltr'>ab</span> <span class='ocrx_word' id='word_1_19' title='bbox 1037 741 1249 819; x_wconf 87' lang='lat' dir='ltr'>adversariis</span> <span class='ocrx_word' id='word_1_20' title='bbox 1276 742 1522 837; x_wconf 85' lang='lat' dir='ltr'>invaderetur,</span> <span class='ocrx_word' id='word_1_21' title='bbox 1552 750 1681 848; x_wconf 90' lang='lat' dir='ltr'>agebat</span> <span class='ocrx_word' id='word_1_22' title='bbox 1694 750 1797 847; x_wconf 79' lang='lat'>(¹¹⁷),</span> <span class='ocrx_word' id='word_1_23' title='bbox 1826 753 1946 850; x_wconf 85' lang='lat' dir='ltr'>priva·</span> 
     </span>
     <span class='ocr_line' id='line_1_4' title="bbox 274 869 1945 973; baseline 0 -24"><span class='ocrx_word' id='word_1_24' title='bbox 274 898 276 902; x_wconf 86' lang='lat'>·</span> <span class='ocrx_word' id='word_1_25' title='bbox 362 890 445 949; x_wconf 90' lang='lat' dir='ltr'>tum</span> <span class='ocrx_word' id='word_1_26' title='bbox 471 899 511 949; x_wconf 91' lang='lat' dir='ltr'>se</span> <span class='ocrx_word' id='word_1_27' title='bbox 536 888 650 963; x_wconf 91' lang='lat' dir='ltr'>tenet,</span> <span class='ocrx_word' id='word_1_28' title='bbox 679 875 729 946; x_wconf 91' lang='lat' dir='ltr'>ita</span> <span class='ocrx_word' id='word_1_29' title='bbox 755 887 797 945; x_wconf 92' lang='lat' dir='ltr'>ut</span> <span class='ocrx_word' id='word_1_30' title='bbox 816 869 1088 945; x_wconf 82' lang='lat' dir='ltr'>Demosthenes</span> <span class='ocrx_word' id='word_1_31' title='bbox 1114 875 1247 945; x_wconf 89' lang='lat' dir='ltr'>merito</span> <span class='ocrx_word' id='word_1_32' title='bbox 1272 896 1422 973; x_wconf 81' lang='lat' dir='ltr'>arguere</span> <span class='ocrx_word' id='word_1_33' title='bbox 1449 870 1628 965; x_wconf 82' lang='lat' dir='ltr'>rideatur,</span> <span class='ocrx_word' id='word_1_34' title='bbox 1658 892 1779 950; x_wconf 88' lang='lat' dir='ltr'>tacere</span> <span class='ocrx_word' id='word_1_35' title='bbox 1794 874 1945 949; x_wconf 90' lang='lat' dir='ltr'>Aeschi-</span> 
     </span>
     <span class='ocr_line' id='line_1_5' title="bbox 366 996 1434 1101; baseline -0.005 -25"><span class='ocrx_word' id='word_1_36' title='bbox 366 1005 514 1076; x_wconf 89' lang='lat' dir='ltr'>nemin</span> <span class='ocrx_word' id='word_1_37' title='bbox 541 997 689 1073; x_wconf 85' lang='lat' dir='ltr'>adversa</span> <span class='ocrx_word' id='word_1_38' title='bbox 716 1000 869 1072; x_wconf 83' lang='lat' dir='ltr'>civitatis</span> <span class='ocrx_word' id='word_1_39' title='bbox 895 996 1042 1072; x_wconf 78' lang='lat' dir='ltr'>fortuna</span> <span class='ocrx_word' id='word_1_40' title='bbox 1069 996 1133 1094; x_wconf 89' lang='lat' dir='ltr'>(de</span> <span class='ocrx_word' id='word_1_41' title='bbox 1159 1023 1237 1072; x_wconf 88' lang='lat' dir='ltr'>cor.</span> <span class='ocrx_word' id='word_1_42' title='bbox 1262 999 1434 1101; x_wconf 71' lang='lat' dir='ltr'>psas).</span> 
     </span>
    </p>

    <p class='ocr_par' dir='ltr' id='par_1_3' title="bbox 362 1114 2044 2996">
     <span class='ocr_line' id='line_1_6' title="bbox 503 1114 1946 1231; baseline 0.002 -31"><span class='ocrx_word' id='word_1_43' title='bbox 503 1124 788 1215; x_wconf 79' lang='lat' dir='ltr'>Demosthenes,</span> <span class='ocrx_word' id='word_1_44' title='bbox 817 1127 847 1199; x_wconf 92' lang='lat' dir='ltr'>si</span> <span class='ocrx_word' id='word_1_45' title='bbox 874 1121 1024 1227; x_wconf 89' lang='lat' dir='ltr'>quidem</span> <span class='ocrx_word' id='word_1_46' title='bbox 1050 1127 1290 1228; x_wconf 83' lang='lat' dir='ltr'>scriptoribus</span> <span class='ocrx_word' id='word_1_47' title='bbox 1314 1128 1410 1200; x_wconf 73' lang='lat' dir='ltr'>sitae</span> <span class='ocrx_word' id='word_1_48' title='bbox 1430 1114 1545 1200; x_wconf 88' lang='lat' dir='ltr'>fidem</span> <span class='ocrx_word' id='word_1_49' title='bbox 1564 1126 1753 1219; x_wconf 90' lang='lat' dir='ltr'>habemus,</span> <span class='ocrx_word' id='word_1_50' title='bbox 1785 1133 1946 1231; x_wconf 89' lang='lat' dir='ltr'>apueris</span> 
     </span>
     <span class='ocr_line' id='line_1_7' title="bbox 367 1249 1945 1356; baseline -0.001 -27"><span class='ocrx_word' id='word_1_51' title='bbox 367 1254 537 1329; x_wconf 90' lang='lat' dir='ltr'>omnibus</span> <span class='ocrx_word' id='word_1_52' title='bbox 560 1254 699 1328; x_wconf 77' lang='lat' dir='ltr'>viribus</span> <span class='ocrx_word' id='word_1_53' title='bbox 724 1249 762 1323; x_wconf 92' lang='lat' dir='ltr'>id</span> <span class='ocrx_word' id='word_1_54' title='bbox 793 1254 962 1353; x_wconf 85' lang='lat' dir='ltr'>expetiit,</span> <span class='ocrx_word' id='word_1_55' title='bbox 997 1268 1037 1325; x_wconf 92' lang='lat' dir='ltr'>ut</span> <span class='ocrx_word' id='word_1_56' title='bbox 1061 1255 1100 1326; x_wconf 93' lang='lat' dir='ltr'>in</span> <span class='ocrx_word' id='word_1_57' title='bbox 1126 1251 1210 1326; x_wconf 83' lang='lat' dir='ltr'>foro</span> <span class='ocrx_word' id='word_1_58' title='bbox 1238 1268 1274 1326; x_wconf 92' lang='lat' dir='ltr'>et</span> <span class='ocrx_word' id='word_1_59' title='bbox 1301 1255 1427 1326; x_wconf 87' lang='lat' dir='ltr'>rostris</span> <span class='ocrx_word' id='word_1_60' title='bbox 1460 1251 1614 1353; x_wconf 81' lang='lat' dir='ltr'>gloriam</span> <span class='ocrx_word' id='word_1_61' title='bbox 1642 1269 1679 1328; x_wconf 94' lang='lat' dir='ltr'>et</span> <span class='ocrx_word' id='word_1_62' title='bbox 1708 1259 1847 1356; x_wconf 80' lang='lat' dir='ltr'>insigne</span> <span class='ocrx_word' id='word_1_63' title='bbox 1879 1281 1945 1328; x_wconf 90' lang='lat' dir='ltr'>no-</span> 
     </span>
     <span class='ocr_line' id='line_1_8' title="bbox 364 1373 1944 1481; baseline -0.001 -26"><span class='ocrx_word' id='word_1_64' title='bbox 364 1405 450 1455; x_wconf 93' lang='lat' dir='ltr'>men</span> <span class='ocrx_word' id='word_1_65' title='bbox 469 1393 772 1479; x_wconf 90' lang='lat' dir='ltr'>consequeretur;</span> <span class='ocrx_word' id='word_1_66' title='bbox 800 1392 899 1452; x_wconf 88' lang='lat' dir='ltr'>certe</span> <span class='ocrx_word' id='word_1_67' title='bbox 918 1373 1131 1452; x_wconf 82' lang='lat' dir='ltr'>adolescens</span> <span class='ocrx_word' id='word_1_68' title='bbox 1150 1377 1216 1453; x_wconf 92' lang='lat' dir='ltr'>lite</span> <span class='ocrx_word' id='word_1_69' title='bbox 1237 1374 1408 1453; x_wconf 84' lang='lat' dir='ltr'>adversus</span> <span class='ocrx_word' id='word_1_70' title='bbox 1430 1394 1572 1454; x_wconf 88' lang='lat' dir='ltr'>tutores</span> <span class='ocrx_word' id='word_1_71' title='bbox 1592 1378 1754 1481; x_wconf 89' lang='lat' dir='ltr'>perfidos</span> <span class='ocrx_word' id='word_1_72' title='bbox 1774 1397 1863 1466; x_wconf 86' lang='lat' dir='ltr'>acta,</span> <span class='ocrx_word' id='word_1_73' title='bbox 1881 1380 1944 1454; x_wconf 91' lang='lat' dir='ltr'>de·</span> 
     </span>
     <span class='ocr_line' id='line_1_9' title="bbox 364 1494 1945 1609; baseline 0 -29"><span class='ocrx_word' id='word_1_74' title='bbox 364 1505 452 1581; x_wconf 91' lang='lat' dir='ltr'>inde</span> <span class='ocrx_word' id='word_1_75' title='bbox 479 1505 707 1580; x_wconf 89' lang='lat' dir='ltr'>orationibus</span> <span class='ocrx_word' id='word_1_76' title='bbox 731 1529 802 1606; x_wconf 91' lang='lat' dir='ltr'>pro</span> <span class='ocrx_word' id='word_1_77' title='bbox 829 1494 907 1578; x_wconf 91' lang='lat' dir='ltr'>aliis</span> <span class='ocrx_word' id='word_1_78' title='bbox 933 1502 1135 1578; x_wconf 87' lang='lat' dir='ltr'>scribendis</span> <span class='ocrx_word' id='word_1_79' title='bbox 1162 1507 1302 1606; x_wconf 93' lang='lat' dir='ltr'>optimc</span> <span class='ocrx_word' id='word_1_80' title='bbox 1327 1506 1398 1578; x_wconf 91' lang='lat' dir='ltr'>sibi</span> <span class='ocrx_word' id='word_1_81' title='bbox 1422 1508 1664 1609; x_wconf 87' lang='lat' dir='ltr'>praeparabat</span> <span class='ocrx_word' id='word_1_82' title='bbox 1686 1510 1783 1581; x_wconf 78' lang='lat' dir='ltr'>viam</span> <span class='ocrx_word' id='word_1_83' title='bbox 1801 1524 1945 1608; x_wconf 90' lang='lat' dir='ltr'>tempo·</span> 
     </span>
     <span class='ocr_line' id='line_1_10' title="bbox 365 1630 2044 1734; baseline -0.001 -27"><span class='ocrx_word' id='word_1_84' title='bbox 365 1634 467 1707; x_wconf 92' lang='lat' dir='ltr'>ribus</span> <span class='ocrx_word' id='word_1_85' title='bbox 493 1631 579 1723; x_wconf 91' lang='lat' dir='ltr'>illis,</span> <span class='ocrx_word' id='word_1_86' title='bbox 618 1632 751 1732; x_wconf 91' lang='lat' dir='ltr'>quibus</span> <span class='ocrx_word' id='word_1_87' title='bbox 777 1630 855 1706; x_wconf 90' lang='lat' dir='ltr'>sola</span> <span class='ocrx_word' id='word_1_88' title='bbox 883 1654 927 1704; x_wconf 91' lang='lat' dir='ltr'>ex</span> <span class='ocrx_word' id='word_1_89' title='bbox 954 1630 1166 1731; x_wconf 88' lang='lat' dir='ltr'>eloquentia</span> <span class='ocrx_word' id='word_1_90' title='bbox 1192 1630 1348 1706; x_wconf 86' lang='lat' dir='ltr'>Athenis</span> <span class='ocrx_word' id='word_1_91' title='bbox 1376 1630 1567 1706; x_wconf 87' lang='lat' dir='ltr'>celebritas</span> <span class='ocrx_word' id='word_1_92' title='bbox 1595 1649 1630 1707; x_wconf 94' lang='lat' dir='ltr'>et</span> <span class='ocrx_word' id='word_1_93' title='bbox 1657 1637 1851 1708; x_wconf 77' lang='lat' dir='ltr'>auctoritas</span> <span class='ocrx_word' id='word_1_94' title='bbox 1877 1659 1945 1734; x_wconf 91' lang='lat' dir='ltr'>pu·</span> <span class='ocrx_word' id='word_1_95' title='bbox 2042 1638 2044 1642; x_wconf 85' lang='grc'><strong>’</strong></span> 
     </span>
     <span class='ocr_line' id='line_1_11' title="bbox 364 1755 1947 1862; baseline -0.002 -29"><span class='ocrx_word' id='word_1_96' title='bbox 364 1758 463 1833; x_wconf 89' lang='lat' dir='ltr'>blica</span> <span class='ocrx_word' id='word_1_97' title='bbox 495 1759 750 1860; x_wconf 88' lang='lat' dir='ltr'>quaerebatur.</span> <span class='ocrx_word' id='word_1_98' title='bbox 804 1755 1055 1860; x_wconf 87' lang='lat' dir='ltr'>Proposuerat</span> <span class='ocrx_word' id='word_1_99' title='bbox 1084 1762 1193 1860; x_wconf 89' lang='lat' dir='ltr'>igitur</span> <span class='ocrx_word' id='word_1_100' title='bbox 1224 1760 1294 1831; x_wconf 92' lang='lat' dir='ltr'>sibi</span> <span class='ocrx_word' id='word_1_101' title='bbox 1326 1756 1438 1831; x_wconf 90' lang='lat' dir='ltr'>finem</span> <span class='ocrx_word' id='word_1_102' title='bbox 1474 1783 1583 1860; x_wconf 90' lang='lat' dir='ltr'>quem</span> <span class='ocrx_word' id='word_1_103' title='bbox 1615 1761 1803 1862; x_wconf 86' lang='lat' dir='ltr'>spectabat</span> <span class='ocrx_word' id='word_1_104' title='bbox 1834 1776 1869 1833; x_wconf 92' lang='lat' dir='ltr'>et</span> <span class='ocrx_word' id='word_1_105' title='bbox 1902 1757 1947 1831; x_wconf 91' lang='lat' dir='ltr'>ad</span> 
     </span>
     <span class='ocr_line' id='line_1_12' title="bbox 367 1881 1946 1987; baseline -0.001 -28"><span class='ocrx_word' id='word_1_106' title='bbox 367 1910 478 1987; x_wconf 91' lang='lat' dir='ltr'>quem</span> <span class='ocrx_word' id='word_1_107' title='bbox 512 1887 621 1959; x_wconf 90' lang='lat' dir='ltr'>rectis</span> <span class='ocrx_word' id='word_1_108' title='bbox 657 1882 785 1959; x_wconf 89' lang='lat' dir='ltr'>studiis</span> <span class='ocrx_word' id='word_1_109' title='bbox 821 1882 1081 1959; x_wconf 88' lang='lat' dir='ltr'>contendebat.</span> <span class='ocrx_word' id='word_1_110' title='bbox 1142 1881 1264 1979; x_wconf 90' lang='lat' dir='ltr'>Quem</span> <span class='ocrx_word' id='word_1_111' title='bbox 1302 1901 1479 1986; x_wconf 87' lang='lat' dir='ltr'>quantum</span> <span class='ocrx_word' id='word_1_112' title='bbox 1516 1902 1733 1960; x_wconf 87' lang='lat' dir='ltr'>consecutus</span> <span class='ocrx_word' id='word_1_113' title='bbox 1769 1890 1816 1959; x_wconf 89' lang='lat' dir='ltr'>sit</span> <span class='ocrx_word' id='word_1_114' title='bbox 1858 1910 1946 1987; x_wconf 91' lang='lat' dir='ltr'>prae</span> 
     </span>
     <span class='ocr_line' id='line_1_13' title="bbox 367 2007 1946 2114; baseline -0.001 -29"><span class='ocrx_word' id='word_1_115' title='bbox 367 2012 547 2098; x_wconf 90' lang='lat' dir='ltr'>omnibus,</span> <span class='ocrx_word' id='word_1_116' title='bbox 573 2014 659 2086; x_wconf 90' lang='lat' dir='ltr'>satis</span> <span class='ocrx_word' id='word_1_117' title='bbox 678 2026 829 2085; x_wconf 81' lang='lat' dir='ltr'>constat.</span> <span class='ocrx_word' id='word_1_118' title='bbox 870 2007 985 2105; x_wconf 87' lang='lat' dir='ltr'>Quasi</span> <span class='ocrx_word' id='word_1_119' title='bbox 1004 2027 1170 2086; x_wconf 90' lang='lat' dir='ltr'>centrum</span> <span class='ocrx_word' id='word_1_120' title='bbox 1189 2009 1375 2114; x_wconf 86' lang='lat' dir='ltr'>quoddam</span> <span class='ocrx_word' id='word_1_121' title='bbox 1395 2026 1483 2098; x_wconf 88' lang='lat' dir='ltr'>erat,</span> <span class='ocrx_word' id='word_1_122' title='bbox 1509 2016 1548 2085; x_wconf 93' lang='lat' dir='ltr'>in</span> <span class='ocrx_word' id='word_1_123' title='bbox 1570 2010 1670 2114; x_wconf 93' lang='lat' dir='ltr'>quod</span> <span class='ocrx_word' id='word_1_124' title='bbox 1696 2017 1817 2098; x_wconf 87' lang='lat' dir='ltr'>ceteri,</span> <span class='ocrx_word' id='word_1_125' title='bbox 1845 2016 1908 2112; x_wconf 90' lang='lat' dir='ltr'>qui</span> <span class='ocrx_word' id='word_1_126' title='bbox 1926 2036 1946 2084; x_wconf 90' lang='lat' dir='ltr'>a</span> 
     </span>
     <span class='ocr_line' id='line_1_14' title="bbox 365 2136 1944 2240; baseline -0.002 -28"><span class='ocrx_word' id='word_1_127' title='bbox 365 2140 530 2240; x_wconf 91' lang='lat' dir='ltr'>partibus</span> <span class='ocrx_word' id='word_1_128' title='bbox 556 2138 713 2229; x_wconf 90' lang='lat' dir='ltr'>stabant,</span> <span class='ocrx_word' id='word_1_129' title='bbox 741 2139 952 2238; x_wconf 82' lang='lat' dir='ltr'>vergebant.</span> <span class='ocrx_word' id='word_1_130' title='bbox 1007 2136 1189 2239; x_wconf 88' lang='lat' dir='ltr'>Uterque,</span> <span class='ocrx_word' id='word_1_131' title='bbox 1219 2154 1256 2213; x_wconf 89' lang='lat' dir='ltr'>et</span> <span class='ocrx_word' id='word_1_132' title='bbox 1281 2138 1481 2213; x_wconf 86' lang='lat' dir='ltr'>Aeschines</span> <span class='ocrx_word' id='word_1_133' title='bbox 1506 2155 1543 2213; x_wconf 94' lang='lat' dir='ltr'>et</span> <span class='ocrx_word' id='word_1_134' title='bbox 1562 2138 1847 2229; x_wconf 88' lang='lat' dir='ltr'>Demosthenes,</span> <span class='ocrx_word' id='word_1_135' title='bbox 1877 2142 1944 2210; x_wconf 90' lang='lat' dir='ltr'>mi-</span> 
     </span>
     <span class='ocr_line' id='line_1_15' title="bbox 364 2260 1944 2365; baseline -0.001 -27"><span class='ocrx_word' id='word_1_136' title='bbox 364 2268 496 2339; x_wconf 90' lang='lat' dir='ltr'>seriem</span> <span class='ocrx_word' id='word_1_137' title='bbox 515 2262 740 2364; x_wconf 88' lang='lat' dir='ltr'>reipublicae</span> <span class='ocrx_word' id='word_1_138' title='bbox 763 2260 1040 2336; x_wconf 86' lang='lat' dir='ltr'>Atheniensium</span> <span class='ocrx_word' id='word_1_139' title='bbox 1062 2268 1260 2365; x_wconf 87' lang='lat' dir='ltr'>perspexit:</span> <span class='ocrx_word' id='word_1_140' title='bbox 1290 2263 1383 2337; x_wconf 91' lang='lat' dir='ltr'>alter</span> <span class='ocrx_word' id='word_1_141' title='bbox 1401 2280 1524 2338; x_wconf 89' lang='lat' dir='ltr'>tamen</span> <span class='ocrx_word' id='word_1_142' title='bbox 1544 2264 1698 2365; x_wconf 90' lang='lat' dir='ltr'>perinde</span> <span class='ocrx_word' id='word_1_143' title='bbox 1719 2290 1759 2337; x_wconf 90' lang='lat' dir='ltr'>ac</span> <span class='ocrx_word' id='word_1_144' title='bbox 1777 2263 1944 2338; x_wconf 91' lang='lat' dir='ltr'>Phocion</span> 
     </span>
     <span class='ocr_line' id='line_1_16' title="bbox 365 2384 1947 2490; baseline -0.002 -26"><span class='ocrx_word' id='word_1_145' title='bbox 365 2415 451 2464; x_wconf 88' lang='lat' dir='ltr'>mox</span> <span class='ocrx_word' id='word_1_146' title='bbox 483 2413 630 2462; x_wconf 91' lang='lat' dir='ltr'>omnem</span> <span class='ocrx_word' id='word_1_147' title='bbox 656 2411 760 2490; x_wconf 88' lang='lat' dir='ltr'>spem</span> <span class='ocrx_word' id='word_1_148' title='bbox 785 2389 922 2480; x_wconf 92' lang='lat' dir='ltr'>abiicit,</span> <span class='ocrx_word' id='word_1_149' title='bbox 958 2391 1140 2464; x_wconf 81' lang='lat' dir='ltr'>civitatem</span> <span class='ocrx_word' id='word_1_150' title='bbox 1169 2384 1364 2461; x_wconf 89' lang='lat' dir='ltr'>ascendere</span> <span class='ocrx_word' id='word_1_151' title='bbox 1390 2412 1499 2489; x_wconf 86' lang='lat' dir='ltr'>posse</span> <span class='ocrx_word' id='word_1_152' title='bbox 1526 2387 1570 2460; x_wconf 91' lang='lat' dir='ltr'>ad</span> <span class='ocrx_word' id='word_1_153' title='bbox 1599 2386 1824 2489; x_wconf 87' lang='lat' dir='ltr'>dignitatem,</span> <span class='ocrx_word' id='word_1_154' title='bbox 1855 2387 1947 2461; x_wconf 89' lang='lat' dir='ltr'>alter</span> 
     </span>
     <span class='ocr_line' id='line_1_17' title="bbox 364 2511 1944 2618; baseline -0.002 -28"><span class='ocrx_word' id='word_1_155' title='bbox 364 2541 431 2618; x_wconf 90' lang='lat' dir='ltr'>spe</span> <span class='ocrx_word' id='word_1_156' title='bbox 464 2530 605 2589; x_wconf 89' lang='lat' dir='ltr'>erectus</span> <span class='ocrx_word' id='word_1_157' title='bbox 641 2512 834 2587; x_wconf 91' lang='lat' dir='ltr'>meliorem</span> <span class='ocrx_word' id='word_1_158' title='bbox 863 2529 996 2589; x_wconf 89' lang='lat' dir='ltr'>statum</span> <span class='ocrx_word' id='word_1_159' title='bbox 1028 2539 1149 2588; x_wconf 86' lang='lat' dir='ltr'>rerum</span> <span class='ocrx_word' id='word_1_160' title='bbox 1182 2512 1328 2589; x_wconf 86' lang='lat' dir='ltr'>efficere</span> <span class='ocrx_word' id='word_1_161' title='bbox 1360 2511 1497 2604; x_wconf 75' lang='lat' dir='ltr'>studet,</span> <span class='ocrx_word' id='word_1_162' title='bbox 1530 2513 1730 2588; x_wconf 87' lang='lat' dir='ltr'>Aeschines</span> <span class='ocrx_word' id='word_1_163' title='bbox 1762 2512 1944 2615; x_wconf 85' lang='lat' dir='ltr'>desperat,</span> 
     </span>
     <span class='ocr_line' id='line_1_18' title="bbox 364 2636 1943 2742; baseline -0.001 -28"><span class='ocrx_word' id='word_1_164' title='bbox 364 2640 468 2716; x_wconf 89' lang='lat' dir='ltr'>bello</span> <span class='ocrx_word' id='word_1_165' title='bbox 494 2664 553 2713; x_wconf 89' lang='lat' dir='ltr'>res</span> <span class='ocrx_word' id='word_1_166' title='bbox 579 2642 712 2741; x_wconf 85' lang='lat' dir='ltr'>corrigi</span> <span class='ocrx_word' id='word_1_167' title='bbox 738 2664 860 2740; x_wconf 87' lang='lat' dir='ltr'>posse,</span> <span class='ocrx_word' id='word_1_168' title='bbox 889 2638 1159 2713; x_wconf 88' lang='lat' dir='ltr'>Demosthenes</span> <span class='ocrx_word' id='word_1_169' title='bbox 1184 2643 1223 2712; x_wconf 91' lang='lat' dir='ltr'>in</span> <span class='ocrx_word' id='word_1_170' title='bbox 1251 2636 1353 2712; x_wconf 92' lang='lat' dir='ltr'>bello</span> <span class='ocrx_word' id='word_1_171' title='bbox 1380 2642 1526 2712; x_wconf 90' lang='lat' dir='ltr'>unicam</span> <span class='ocrx_word' id='word_1_172' title='bbox 1552 2641 1659 2740; x_wconf 91' lang='lat' dir='ltr'>ponit</span> <span class='ocrx_word' id='word_1_173' title='bbox 1684 2664 1803 2742; x_wconf 82' lang='lat' dir='ltr'>spem,</span> <span class='ocrx_word' id='word_1_174' title='bbox 1833 2665 1943 2740; x_wconf 90' lang='lat' dir='ltr'>quam</span> 
     </span>
     <span class='ocr_line' id='line_1_19' title="bbox 365 2764 1945 2869; baseline -0.002 -27"><span class='ocrx_word' id='word_1_175' title='bbox 365 2770 414 2842; x_wconf 94' lang='lat' dir='ltr'>ob</span> <span class='ocrx_word' id='word_1_176' title='bbox 440 2790 519 2842; x_wconf 89' lang='lat' dir='ltr'>rem</span> <span class='ocrx_word' id='word_1_177' title='bbox 544 2768 583 2839; x_wconf 92' lang='lat' dir='ltr'>in</span> <span class='ocrx_word' id='word_1_178' title='bbox 609 2766 780 2839; x_wconf 89' lang='lat' dir='ltr'>omnibus</span> <span class='ocrx_word' id='word_1_179' title='bbox 805 2766 1046 2840; x_wconf 90' lang='lat' dir='ltr'>concionibus</span> <span class='ocrx_word' id='word_1_180' title='bbox 1068 2765 1209 2839; x_wconf 91' lang='lat' dir='ltr'>bellum</span> <span class='ocrx_word' id='word_1_181' title='bbox 1231 2764 1387 2868; x_wconf 81' lang='lat' dir='ltr'>profert,</span> <span class='ocrx_word' id='word_1_182' title='bbox 1416 2764 1557 2840; x_wconf 89' lang='lat' dir='ltr'>bellum</span> <span class='ocrx_word' id='word_1_183' title='bbox 1580 2780 1707 2840; x_wconf 89' lang='lat' dir='ltr'>contra</span> <span class='ocrx_word' id='word_1_184' title='bbox 1728 2764 1945 2869; x_wconf 91' lang='lat' dir='ltr'>Philippum</span> 
     </span>
     <span class='ocr_line' id='line_1_20' title="bbox 362 2890 1945 2996; baseline -0.001 -28"><span class='ocrx_word' id='word_1_185' title='bbox 362 2917 500 2996; x_wconf 89' lang='lat' dir='ltr'>regem,</span> <span class='ocrx_word' id='word_1_186' title='bbox 528 2891 593 2966; x_wconf 92' lang='lat' dir='ltr'>ille</span> <span class='ocrx_word' id='word_1_187' title='bbox 619 2917 747 2995; x_wconf 90' lang='lat' dir='ltr'>pacem</span> <span class='ocrx_word' id='word_1_188' title='bbox 773 2890 913 2966; x_wconf 88' lang='lat' dir='ltr'>suadet.</span> <span class='ocrx_word' id='word_1_189' title='bbox 968 2892 1098 2994; x_wconf 91' lang='lat' dir='ltr'>Itaque</span> <span class='ocrx_word' id='word_1_190' title='bbox 1125 2891 1410 2984; x_wconf 89' lang='lat' dir='ltr'>Demosthenes,</span> <span class='ocrx_word' id='word_1_191' title='bbox 1441 2919 1525 2967; x_wconf 90' lang='lat' dir='ltr'>cum</span> <span class='ocrx_word' id='word_1_192' title='bbox 1550 2895 1589 2966; x_wconf 92' lang='lat' dir='ltr'>in</span> <span class='ocrx_word' id='word_1_193' title='bbox 1615 2890 1791 2966; x_wconf 89' lang='lat' dir='ltr'>desidiam</span> <span class='ocrx_word' id='word_1_194' title='bbox 1810 2896 1945 2966; x_wconf 85' lang='lat' dir='ltr'>civium</span> 
     </span>
    </p>
   </div>
   <div class='ocr_carea' id='block_1_3' title="bbox 363 3015 1947 3244">
    <p class='ocr_par' dir='ltr' id='par_1_4' title="bbox 363 3015 1947 3244">
     <span class='ocr_line' id='line_1_21' title="bbox 363 3015 1947 3121; baseline -0.003 -25"><span class='ocrx_word' id='word_1_195' title='bbox 363 3018 560 3112; x_wconf 84' lang='lat' dir='ltr'>invehitur,</span> <span class='ocrx_word' id='word_1_196' title='bbox 590 3034 632 3092; x_wconf 91' lang='lat' dir='ltr'>ut</span> <span class='ocrx_word' id='word_1_197' title='bbox 650 3015 694 3091; x_wconf 91' lang='lat' dir='ltr'>ad</span> <span class='ocrx_word' id='word_1_198' title='bbox 715 3017 968 3121; x_wconf 86' lang='lat' dir='ltr'>expeditiones</span> <span class='ocrx_word' id='word_1_199' title='bbox 986 3015 1169 3093; x_wconf 85' lang='lat' dir='ltr'>faciendas</span> <span class='ocrx_word' id='word_1_200' title='bbox 1188 3017 1417 3108; x_wconf 90' lang='lat' dir='ltr'>cohortetur,</span> <span class='ocrx_word' id='word_1_201' title='bbox 1446 3018 1601 3093; x_wconf 86' lang='lat' dir='ltr'>alterum</span> <span class='ocrx_word' id='word_1_202' title='bbox 1622 3034 1658 3093; x_wconf 91' lang='lat' dir='ltr'>et</span> <span class='ocrx_word' id='word_1_203' title='bbox 1678 3044 1741 3092; x_wconf 92' lang='lat' dir='ltr'>eos</span> <span class='ocrx_word' id='word_1_204' title='bbox 1764 3022 1827 3117; x_wconf 89' lang='lat' dir='ltr'>qui</span> <span class='ocrx_word' id='word_1_205' title='bbox 1846 3015 1947 3091; x_wconf 89' lang='lat' dir='ltr'>idem</span> 
     </span>
     <span class='ocr_line' id='line_1_22' title="bbox 364 3138 1944 3244; baseline -0.003 -22"><span class='ocrx_word' id='word_1_206' title='bbox 364 3173 449 3222; x_wconf 85' lang='lat' dir='ltr'>cum</span> <span class='ocrx_word' id='word_1_207' title='bbox 466 3171 512 3222; x_wconf 93' lang='lat' dir='ltr'>eo</span> <span class='ocrx_word' id='word_1_208' title='bbox 532 3145 740 3220; x_wconf 88' lang='lat' dir='ltr'>sentiebant</span> <span class='ocrx_word' id='word_1_209' title='bbox 757 3140 922 3214; x_wconf 89' lang='lat' dir='ltr'>adoritur</span> <span class='ocrx_word' id='word_1_210' title='bbox 935 3157 973 3215; x_wconf 89' lang='lat' dir='ltr'>ct</span> <span class='ocrx_word' id='word_1_211' title='bbox 986 3138 1157 3229; x_wconf 82' lang='lat' dir='ltr'>offendit,</span> <span class='ocrx_word' id='word_1_212' title='bbox 1187 3140 1386 3215; x_wconf 89' lang='lat' dir='ltr'>Aeschines</span> <span class='ocrx_word' id='word_1_213' title='bbox 1401 3157 1523 3215; x_wconf 88' lang='lat' dir='ltr'>tuetur</span> <span class='ocrx_word' id='word_1_214' title='bbox 1536 3157 1573 3215; x_wconf 89' lang='lat' dir='ltr'>et</span> <span class='ocrx_word' id='word_1_215' title='bbox 1594 3138 1759 3214; x_wconf 87' lang='lat' dir='ltr'>defendit</span> <span class='ocrx_word' id='word_1_216' title='bbox 1776 3166 1815 3214; x_wconf 91' lang='lat' dir='ltr'>se</span> <span class='ocrx_word' id='word_1_217' title='bbox 1835 3159 1944 3244; x_wconf 91' lang='lat' dir='ltr'>atque</span> 
     </span>
    </p>
   </div>
   <div class='ocr_carea' id='block_1_4' title="bbox 283 3264 1945 4765">
    <p class='ocr_par' dir='ltr' id='par_1_5' title="bbox 283 3264 1945 4765">
     <span class='ocr_line' id='line_1_23' title="bbox 364 3264 1942 3370; baseline -0.003 -24"><span class='ocrx_word' id='word_1_218' title='bbox 364 3272 463 3346; x_wconf 89' lang='lat' dir='ltr'>illos.</span> <span class='ocrx_word' id='word_1_219' title='bbox 517 3266 718 3342; x_wconf 87' lang='lat' dir='ltr'>Aeschines</span> <span class='ocrx_word' id='word_1_220' title='bbox 744 3266 930 3366; x_wconf 90' lang='lat' dir='ltr'>prioribus</span> <span class='ocrx_word' id='word_1_221' title='bbox 955 3265 1063 3339; x_wconf 90' lang='lat' dir='ltr'>bellis</span> <span class='ocrx_word' id='word_1_222' title='bbox 1088 3281 1228 3345; x_wconf 84' lang='lat' dir='ltr'>temere</span> <span class='ocrx_word' id='word_1_223' title='bbox 1253 3264 1364 3340; x_wconf 89' lang='lat' dir='ltr'>illatis</span> <span class='ocrx_word' id='word_1_224' title='bbox 1389 3268 1699 3370; x_wconf 90' lang='lat' dir='ltr'>pertinaciterque</span> <span class='ocrx_word' id='word_1_225' title='bbox 1726 3271 1833 3368; x_wconf 90' lang='lat' dir='ltr'>gestis</span> <span class='ocrx_word' id='word_1_226' title='bbox 1856 3273 1942 3342; x_wconf 83' lang='lat' dir='ltr'>civi·</span> 
     </span>
     <span class='ocr_line' id='line_1_24' title="bbox 364 3389 1943 3499; baseline -0.001 -27"><span class='ocrx_word' id='word_1_227' title='bbox 364 3413 477 3472; x_wconf 90' lang='lat' dir='ltr'>tatem</span> <span class='ocrx_word' id='word_1_228' title='bbox 502 3398 540 3468; x_wconf 94' lang='lat' dir='ltr'>in</span> <span class='ocrx_word' id='word_1_229' title='bbox 566 3390 699 3466; x_wconf 91' lang='lat' dir='ltr'>malam</span> <span class='ocrx_word' id='word_1_230' title='bbox 717 3390 812 3465; x_wconf 89' lang='lat' dir='ltr'>hanc</span> <span class='ocrx_word' id='word_1_231' title='bbox 830 3390 1079 3466; x_wconf 89' lang='lat' dir='ltr'>conditionem</span> <span class='ocrx_word' id='word_1_232' title='bbox 1097 3395 1308 3495; x_wconf 83' lang='lat' dir='ltr'>pervenisse</span> <span class='ocrx_word' id='word_1_233' title='bbox 1328 3408 1465 3485; x_wconf 90' lang='lat' dir='ltr'>censet,</span> <span class='ocrx_word' id='word_1_234' title='bbox 1495 3389 1581 3468; x_wconf 91' lang='lat' dir='ltr'>ideo</span> <span class='ocrx_word' id='word_1_235' title='bbox 1601 3419 1620 3467; x_wconf 87' lang='lat' dir='ltr'>a</span> <span class='ocrx_word' id='word_1_236' title='bbox 1640 3396 1839 3469; x_wconf 90' lang='lat' dir='ltr'>maioribus</span> <span class='ocrx_word' id='word_1_237' title='bbox 1858 3423 1943 3499; x_wconf 91' lang='lat' dir='ltr'>pru·</span> 
     </span>
     <span class='ocr_line' id='line_1_25' title="bbox 365 3516 1944 3624; baseline 0 -28"><span class='ocrx_word' id='word_1_238' title='bbox 365 3522 526 3596; x_wconf 90' lang='lat' dir='ltr'>dentiam</span> <span class='ocrx_word' id='word_1_239' title='bbox 544 3516 755 3594; x_wconf 87' lang='lat' dir='ltr'>discendam</span> <span class='ocrx_word' id='word_1_240' title='bbox 774 3542 866 3610; x_wconf 89' lang='lat' dir='ltr'>esse,</span> <span class='ocrx_word' id='word_1_241' title='bbox 888 3523 953 3623; x_wconf 94' lang='lat' dir='ltr'>qui</span> <span class='ocrx_word' id='word_1_242' title='bbox 972 3521 1119 3593; x_wconf 90' lang='lat' dir='ltr'>nonnisi</span> <span class='ocrx_word' id='word_1_243' title='bbox 1139 3521 1236 3594; x_wconf 90' lang='lat' dir='ltr'>inter</span> <span class='ocrx_word' id='word_1_244' title='bbox 1248 3543 1378 3623; x_wconf 91' lang='lat' dir='ltr'>pacem</span> <span class='ocrx_word' id='word_1_245' title='bbox 1397 3518 1606 3595; x_wconf 87' lang='lat' dir='ltr'>floruissent</span> <span class='ocrx_word' id='word_1_246' title='bbox 1626 3520 1773 3596; x_wconf 88' lang='lat' dir='ltr'>fortuna</span> <span class='ocrx_word' id='word_1_247' title='bbox 1795 3524 1944 3624; x_wconf 92' lang='lat' dir='ltr'>opibus·</span> 
     </span>
     <span class='ocr_line' id='line_1_26' title="bbox 365 3644 1942 3751; baseline -0.001 -28"><span class='ocrx_word' id='word_1_248' title='bbox 365 3674 454 3751; x_wconf 91' lang='lat' dir='ltr'>que;</span> <span class='ocrx_word' id='word_1_249' title='bbox 480 3645 752 3723; x_wconf 88' lang='lat' dir='ltr'>Demosthenes</span> <span class='ocrx_word' id='word_1_250' title='bbox 770 3645 911 3749; x_wconf 89' lang='lat' dir='ltr'>proelia</span> <span class='ocrx_word' id='word_1_251' title='bbox 933 3648 1112 3721; x_wconf 90' lang='lat' dir='ltr'>maiorum</span> <span class='ocrx_word' id='word_1_252' title='bbox 1134 3644 1180 3720; x_wconf 93' lang='lat' dir='ltr'>ad</span> <span class='ocrx_word' id='word_1_253' title='bbox 1200 3646 1471 3737; x_wconf 83' lang='lat' dir='ltr'>Marathonem,</span> <span class='ocrx_word' id='word_1_254' title='bbox 1500 3644 1683 3721; x_wconf 89' lang='lat' dir='ltr'>Salamina</span> <span class='ocrx_word' id='word_1_255' title='bbox 1703 3664 1824 3724; x_wconf 88' lang='lat' dir='ltr'>cetera</span> <span class='ocrx_word' id='word_1_256' title='bbox 1842 3673 1942 3722; x_wconf 93' lang='lat' dir='ltr'>com·</span> 
     </span>
     <span class='ocr_line' id='line_1_27' title="bbox 364 3771 1942 3877; baseline -0.001 -27"><span class='ocrx_word' id='word_1_257' title='bbox 364 3793 543 3851; x_wconf 90' lang='lat' dir='ltr'>memorat</span> <span class='ocrx_word' id='word_1_258' title='bbox 567 3772 765 3847; x_wconf 88' lang='lat' dir='ltr'>cohortans</span> <span class='ocrx_word' id='word_1_259' title='bbox 790 3771 1047 3864; x_wconf 89' lang='lat' dir='ltr'>Athenienses,</span> <span class='ocrx_word' id='word_1_260' title='bbox 1076 3789 1118 3847; x_wconf 90' lang='lat' dir='ltr'>ut</span> <span class='ocrx_word' id='word_1_261' title='bbox 1142 3776 1370 3849; x_wconf 88' lang='lat' dir='ltr'>imitarentur</span> <span class='ocrx_word' id='word_1_262' title='bbox 1388 3773 1555 3876; x_wconf 89' lang='lat' dir='ltr'>exempla</span> <span class='ocrx_word' id='word_1_263' title='bbox 1573 3774 1857 3877; x_wconf 85' lang='lat' dir='ltr'>praeclarissima</span> <span class='ocrx_word' id='word_1_264' title='bbox 1878 3801 1942 3876; x_wconf 90' lang='lat' dir='ltr'>pa·</span> 
     </span>
     <span class='ocr_line' id='line_1_28' title="bbox 363 3897 1942 4003; baseline -0.004 -24"><span class='ocrx_word' id='word_1_265' title='bbox 363 3919 462 3978; x_wconf 82' lang='lat' dir='ltr'>trum</span> <span class='ocrx_word' id='word_1_266' title='bbox 488 3904 682 3991; x_wconf 82' lang='lat' dir='ltr'>victorum,</span> <span class='ocrx_word' id='word_1_267' title='bbox 711 3897 980 4002; x_wconf 88' lang='lat' dir='ltr'>florentemque</span> <span class='ocrx_word' id='word_1_268' title='bbox 1006 3916 1044 3974; x_wconf 88' lang='lat' dir='ltr'>et</span> <span class='ocrx_word' id='word_1_269' title='bbox 1062 3898 1259 3974; x_wconf 91' lang='lat' dir='ltr'>honestum</span> <span class='ocrx_word' id='word_1_270' title='bbox 1280 3902 1419 4003; x_wconf 90' lang='lat' dir='ltr'>patriae</span> <span class='ocrx_word' id='word_1_271' title='bbox 1440 3915 1572 3974; x_wconf 89' lang='lat' dir='ltr'>statum</span> <span class='ocrx_word' id='word_1_272' title='bbox 1592 3904 1838 3975; x_wconf 87' lang='lat' dir='ltr'>restituerent.</span> <span class='ocrx_word' id='word_1_273' title='bbox 1868 3901 1942 3974; x_wconf 90' lang='lat' dir='ltr'>lta-</span> 
     </span>
     <span class='ocr_line' id='line_1_29' title="bbox 283 4002 1943 4131; baseline 0.001 -32"><span class='ocrx_word' id='word_1_274' title='bbox 283 4090 286 4099; x_wconf 95' lang='lat'>.</span> <span class='ocrx_word' id='word_1_275' title='bbox 366 4054 439 4131; x_wconf 89' lang='lat' dir='ltr'>que</span> <span class='ocrx_word' id='word_1_276' title='bbox 469 4020 741 4103; x_wconf 85' lang='lat' dir='ltr'>Demosthenes</span> <span class='ocrx_word' id='word_1_277' title='bbox 771 4029 900 4128; x_wconf 90' lang='lat' dir='ltr'>spiritu</span> <span class='ocrx_word' id='word_1_278' title='bbox 932 4024 1057 4101; x_wconf 86' lang='lat' dir='ltr'>divino</span> <span class='ocrx_word' id='word_1_279' title='bbox 1083 4002 1251 4101; x_wconf 81' lang='lat' dir='ltr'>incensus</span> <span class='ocrx_word' id='word_1_280' title='bbox 1276 4026 1417 4130; x_wconf 90' lang='lat' dir='ltr'>lapsam</span> <span class='ocrx_word' id='word_1_281' title='bbox 1450 4030 1632 4101; x_wconf 80' lang='lat' dir='ltr'>civitatem</span> <span class='ocrx_word' id='word_1_282' title='bbox 1660 4031 1797 4129; x_wconf 87' lang='lat' dir='ltr'>erigere</span> <span class='ocrx_word' id='word_1_283' title='bbox 1826 4032 1943 4102; x_wconf 90' lang='lat' dir='ltr'>omni·</span> 
     </span>
     <span class='ocr_line' id='line_1_30' title="bbox 365 4144 1945 4256; baseline -0.001 -27"><span class='ocrx_word' id='word_1_284' title='bbox 365 4156 434 4229; x_wconf 91' lang='lat' dir='ltr'>bus</span> <span class='ocrx_word' id='word_1_285' title='bbox 458 4156 597 4229; x_wconf 79' lang='lat' dir='ltr'>viribus</span> <span class='ocrx_word' id='word_1_286' title='bbox 623 4151 858 4254; x_wconf 90' lang='lat' dir='ltr'>consiliisque</span> <span class='ocrx_word' id='word_1_287' title='bbox 884 4151 1020 4245; x_wconf 90' lang='lat' dir='ltr'>studet,</span> <span class='ocrx_word' id='word_1_288' title='bbox 1050 4144 1214 4255; x_wconf 87' lang='lat' dir='ltr'>eamque</span> <span class='ocrx_word' id='word_1_289' title='bbox 1231 4155 1280 4228; x_wconf 92' lang='lat' dir='ltr'>ob</span> <span class='ocrx_word' id='word_1_290' title='bbox 1300 4148 1444 4228; x_wconf 81' lang='lat' dir='ltr'>causam</span> <span class='ocrx_word' id='word_1_291' title='bbox 1465 4157 1587 4228; x_wconf 89' lang='lat' dir='ltr'>omnia</span> <span class='ocrx_word' id='word_1_292' title='bbox 1609 4158 1780 4256; x_wconf 88' lang='lat' dir='ltr'>exquirit,</span> <span class='ocrx_word' id='word_1_293' title='bbox 1811 4157 1945 4255; x_wconf 91' lang='lat' dir='ltr'>quibus</span> 
     </span>
     <span class='ocr_line' id='line_1_31' title="bbox 367 4276 1942 4384; baseline 0.001 -31"><span class='ocrx_word' id='word_1_294' title='bbox 367 4277 590 4355; x_wconf 83' lang='lat' dir='ltr'>adversarios</span> <span class='ocrx_word' id='word_1_295' title='bbox 622 4283 661 4354; x_wconf 94' lang='lat' dir='ltr'>in</span> <span class='ocrx_word' id='word_1_296' title='bbox 693 4283 940 4383; x_wconf 90' lang='lat' dir='ltr'>suspicionem</span> <span class='ocrx_word' id='word_1_297' title='bbox 965 4279 1244 4357; x_wconf 87' lang='lat' dir='ltr'>Atheniensium</span> <span class='ocrx_word' id='word_1_298' title='bbox 1274 4276 1457 4356; x_wconf 89' lang='lat' dir='ltr'>adducere</span> <span class='ocrx_word' id='word_1_299' title='bbox 1482 4296 1623 4384; x_wconf 81' lang='lat' dir='ltr'>posset3</span> <span class='ocrx_word' id='word_1_300' title='bbox 1651 4280 1851 4355; x_wconf 89' lang='lat' dir='ltr'>Aeschines</span> <span class='ocrx_word' id='word_1_301' title='bbox 1876 4305 1942 4354; x_wconf 91' lang='lat' dir='ltr'>no-</span> 
     </span>
     <span class='ocr_line' id='line_1_32' title="bbox 366 4405 1940 4510; baseline -0.001 -29"><span class='ocrx_word' id='word_1_302' title='bbox 366 4408 618 4481; x_wconf 84' lang='lat' dir='ltr'>minaeorum</span> <span class='ocrx_word' id='word_1_303' title='bbox 645 4410 709 4508; x_wconf 92' lang='lat' dir='ltr'>qui</span> <span class='ocrx_word' id='word_1_304' title='bbox 733 4410 816 4510; x_wconf 94' lang='lat' dir='ltr'>paci</span> <span class='ocrx_word' id='word_1_305' title='bbox 840 4405 1024 4499; x_wconf 82' lang='lat' dir='ltr'>serebant,</span> <span class='ocrx_word' id='word_1_306' title='bbox 1053 4432 1137 4481; x_wconf 82' lang='lat' dir='ltr'>sum</span> <span class='ocrx_word' id='word_1_307' title='bbox 1163 4405 1244 4482; x_wconf 91' lang='lat' dir='ltr'>talis</span> <span class='ocrx_word' id='word_1_308' title='bbox 1271 4406 1380 4481; x_wconf 90' lang='lat' dir='ltr'>ardor</span> <span class='ocrx_word' id='word_1_309' title='bbox 1406 4406 1561 4500; x_wconf 88' lang='lat' dir='ltr'>deesset,</span> <span class='ocrx_word' id='word_1_310' title='bbox 1591 4405 1653 4480; x_wconf 91' lang='lat' dir='ltr'>illa</span> <span class='ocrx_word' id='word_1_311' title='bbox 1679 4411 1756 4508; x_wconf 90' lang='lat' dir='ltr'>ipsa</span> <span class='ocrx_word' id='word_1_312' title='bbox 1783 4422 1940 4481; x_wconf 90' lang='lat' dir='ltr'>coercet.</span> 
     </span>
     <span class='ocr_line' id='line_1_33' title="bbox 367 4530 1943 4636; baseline -0.001 -29"><span class='ocrx_word' id='word_1_313' title='bbox 367 4530 474 4628; x_wconf 93' lang='lat' dir='ltr'>Quae</span> <span class='ocrx_word' id='word_1_314' title='bbox 494 4556 598 4606; x_wconf 89' lang='lat' dir='ltr'>causa</span> <span class='ocrx_word' id='word_1_315' title='bbox 617 4556 694 4607; x_wconf 90' lang='lat' dir='ltr'>esse</span> <span class='ocrx_word' id='word_1_316' title='bbox 713 4533 802 4608; x_wconf 91' lang='lat' dir='ltr'>mihi</span> <span class='ocrx_word' id='word_1_317' title='bbox 821 4533 977 4625; x_wconf 81' lang='lat' dir='ltr'>ridetur,</span> <span class='ocrx_word' id='word_1_318' title='bbox 1007 4559 1072 4608; x_wconf 91' lang='lat' dir='ltr'>cur</span> <span class='ocrx_word' id='word_1_319' title='bbox 1090 4531 1323 4625; x_wconf 89' lang='lat' dir='ltr'>contendam,</span> <span class='ocrx_word' id='word_1_320' title='bbox 1342 4534 1634 4611; x_wconf 90' lang='lat' dir='ltr'>Demosthenem</span> <span class='ocrx_word' id='word_1_321' title='bbox 1655 4532 1820 4606; x_wconf 87' lang='lat' dir='ltr'>inflatum</span> <span class='ocrx_word' id='word_1_322' title='bbox 1835 4532 1943 4636; x_wconf 89' lang='lat' dir='ltr'>plura</span> 
     </span>
     <span class='ocr_line' id='line_1_34' title="bbox 367 4657 1941 4765; baseline -0.001 -30"><span class='ocrx_word' id='word_1_323' title='bbox 367 4662 560 4735; x_wconf 89' lang='lat' dir='ltr'>mentitum</span> <span class='ocrx_word' id='word_1_324' title='bbox 587 4682 665 4732; x_wconf 88' lang='lat' dir='ltr'>esse</span> <span class='ocrx_word' id='word_1_325' title='bbox 692 4685 801 4760; x_wconf 90' lang='lat' dir='ltr'>quam</span> <span class='ocrx_word' id='word_1_326' title='bbox 822 4657 1058 4754; x_wconf 80' lang='lat' dir='ltr'>Aeschinem3</span> <span class='ocrx_word' id='word_1_327' title='bbox 1086 4657 1124 4734; x_wconf 93' lang='lat' dir='ltr'>id</span> <span class='ocrx_word' id='word_1_328' title='bbox 1152 4659 1253 4763; x_wconf 89' lang='lat' dir='ltr'>quod</span> <span class='ocrx_word' id='word_1_329' title='bbox 1280 4664 1459 4765; x_wconf 91' lang='lat' dir='ltr'>imprimis</span> <span class='ocrx_word' id='word_1_330' title='bbox 1484 4658 1721 4761; x_wconf 89' lang='lat' dir='ltr'>intelligimus</span> <span class='ocrx_word' id='word_1_331' title='bbox 1741 4684 1786 4733; x_wconf 87' lang='lat' dir='ltr'>ex</span> <span class='ocrx_word' id='word_1_332' title='bbox 1807 4663 1941 4734; x_wconf 91' lang='lat' dir='ltr'>oratio-</span> 
     </span>
    </p>
   </div>
   <div class='ocr_carea' id='block_1_5' title="bbox 408 4915 1000 5000">
    <p class='ocr_par' dir='ltr' id='par_1_6' title="bbox 408 4915 1000 5000">
     <span class='ocr_line' id='line_1_35' title="bbox 408 4915 1000 5000; baseline 0.056 -31"><span class='ocrx_word' id='word_1_333' title='bbox 408 4916 479 4999; x_wconf 85' lang='lat'>(¹¹⁷)</span> <span class='ocrx_word' id='word_1_334' title='bbox 510 4916 615 4983; x_wconf 84' lang='lat' dir='ltr'>Aeseh</span> <span class='ocrx_word' id='word_1_335' title='bbox 637 4919 668 4980; x_wconf 89' lang='lat' dir='ltr'>in</span> <span class='ocrx_word' id='word_1_336' title='bbox 690 4915 769 4980; x_wconf 76' lang='lat' dir='ltr'>Cres.</span> <span class='ocrx_word' id='word_1_337' title='bbox 790 4917 1000 5000; x_wconf 69' lang='lat' dir='ltr'>p·85·1⁶⁸(l⁴l·</span> 
     </span>
    </p>
   </div>
   <div class='ocr_carea' id='block_1_6' title="bbox 0 0 2324 5940">
    <p class='ocr_par' dir='ltr' id='par_1_7' title="bbox 0 0 2324 5940">
     <span class='ocr_line' id='line_1_36' title="bbox 0 0 2324 5940; baseline 0 0"><span class='ocrx_word' id='word_1_338' title='bbox 0 0 2324 5940; x_wconf 95' lang='lat' dir='ltr'> </span> 
     </span>
    </p>
   </div>
  </div>
 </body>
</html>
