4636 5940
1201 387 1261 475 44

439 582 625 662 Tenedios
655 580 701 657 ad
735 580 864 658 decem
893 578 980 655 illos
1003 578 1286 656 Atheniensium
1317 576 1458 681 legatos
1483 581 1522 654 in
1550 595 1707 683 utraque
1733 580 1779 657 ad
1805 581 2020 689 Philippum

437 712 619 816 legatione
642 707 851 800 adderetur,
881 706 1018 783 electus
1045 702 1196 809 quidem
1220 703 1283 780 hic
1308 730 1328 778 a
1355 705 1500 809 populo
1527 705 1822 786 Atheniensium.
1840 713 1933 811 (¹⁶⁷)

576 839 691 939 Ergo,
718 852 761 911 ut
786 837 1026 937 comprimam
1050 836 1256 931 orationem
1282 857 1415 925 meam,
1443 831 1688 910 Athenienses
1712 834 1808 910 XIX
1832 837 2018 942 Elapheb.

437 961 673 1040 iureiurando
703 962 830 1065 legatis
860 959 1026 1065 Philippi
1057 956 1144 1036 dato
1171 984 1303 1061 pacem
1334 962 1520 1052 sanciunt,
1559 977 1758 1064 postquam
1790 965 2021 1041 antecedenti

438 1089 499 1166 die
523 1117 653 1195 pacem
678 1087 876 1164 ineundam
902 1085 1165 1162 deliberarunt.
1210 1082 1372 1179 Deinde,
1400 1084 1554 1162 fortasse
1579 1090 1662 1191 ipso
1688 1087 1784 1163 XIX
1804 1089 2019 1193 Elaphebo-

437 1217 560 1309 lionis,
589 1215 718 1290 decem
744 1215 853 1317 legati
874 1213 1117 1288 Athenienses
1143 1230 1327 1305 creantur,
1357 1216 1421 1315 qui
1446 1210 1663 1317 Philippum
1688 1215 1924 1293 iureiurando
1952 1220 2021 1293 ob·

437 1347 673 1443 stringerent,
696 1338 838 1454 iidem,
872 1357 916 1416 ut
942 1338 1101 1433 ridetur,
1137 1343 1201 1442 qui
1227 1342 1266 1412 in
1292 1341 1418 1443 priore
1444 1339 1627 1442 legatione
1654 1339 1817 1436 fuerant,
1847 1343 2020 1447 idemque

436 1468 643 1572 Aglaooreo
670 1465 859 1543 Tenedius
892 1494 937 1543 ex
969 1471 1077 1543 sociis
1105 1465 1320 1540 undecimus
1353 1465 1505 1565 (Aesch.
1535 1463 1606 1576 περὶ
1630 1457 1758 1577 specil.
1784 1472 2016 1572 petiuit).

436 1594 547 1670 XXV
564 1593 875 1698 Elaphebolionis
900 1611 987 1700 post
1012 1596 1229 1669 concionem
1255 1608 1418 1667 exactam
1443 1597 1534 1668 socii
1551 1592 1832 1671 Atheniensium
1856 1621 1876 1670 a
1893 1593 2020 1698 legatis

436 1719 605 1825 Philippi
638 1723 928 1825 obstringuntur.
980 1717 1129 1794 Deinde
1159 1719 1269 1822 legati
1298 1717 1465 1823 Philippi
1494 1719 1651 1797 Athenis
1681 1722 1840 1824 profecti
1872 1721 2021 1799 Thebas

437 1854 509 1926 iter
534 1850 740 1926 vertebant.
794 1845 1064 1923 Demosthenes
1092 1871 1184 1950 pace
1209 1845 1302 1922 sacta
1329 1845 1490 1949 gaudens
1516 1846 1643 1949 legatis
1667 1853 1761 1950 regis
1787 1849 1924 1925 multos
1951 1849 2020 1924 ho·

438 2001 547 2052 nores
572 1977 701 2050 tribuit
726 1977 955 2075 comiterque
980 1997 1044 2047 eos
1068 1978 1249 2049 tractavit.
1274 1975 1364 2072 (¹⁶⁸)
1416 1971 1597 2067 Postulat,
1624 1991 1667 2050 ut
1693 2001 1805 2077 quam
1831 1975 2021 2051 celerrime

364 2173 367 2179 .
437 2116 590 2205 possent
614 2100 724 2201 legati
748 2098 991 2175 Athenienses
1017 2098 1358 2202 proficiscerentur3
1386 2125 1513 2175 verum
1542 2104 1729 2193 mentitur,
1758 2118 1820 2176 aut
1840 2106 1870 2177 si
1890 2105 2016 2194 mavis,

437 2227 631 2330 loquacius
669 2224 863 2328 gloriatur,
912 2222 1050 2301 idcirco
1086 2252 1125 2301 se
1163 2225 1237 2301 hoc
1275 2229 1450 2319 suasisse,
1492 2230 1587 2330 quia
1615 2231 1886 2330 praescivisset,
1930 2226 2020 2331 quid

437 2353 604 2431 futurum
630 2369 744 2443 esset,
780 2356 810 2426 si
833 2356 953 2427 minus
980 2357 1049 2428 iter
1074 2352 1290 2429 festinarent
1312 2353 1422 2456 legati
1452 2357 1504 2454 (ιι.
1531 2380 1679 2462 παραιιρ.
1704 2356 1879 2457 pass).
1932 2354 2018 2457 Ipse

439 2479 642 2571 dictitabat,
672 2479 861 2582 hucusque
887 2477 980 2553 nihil
1006 2505 1098 2572 esse,
1129 2479 1232 2582 quod
1258 2496 1425 2583 argueret
1447 2484 1695 2584 corruptionis
1718 2478 1967 2556 Philocratem
1984 2498 2022 2557 et

438 2606 658 2683 Aeschinem
684 2621 902 2707 ceterosque
928 2605 1081 2708 legatos.
1097 2608 1185 2705 (¹⁶⁹)
1271 2677 1277 2686 ,
1720 2594 1724 2607 ’

577 2731 657 2805 Lex
688 2734 789 2835 pacis
820 2735 974 2807 omnino
1008 2748 1096 2808 erat·
1117 2730 1226 2807 haec:
1261 2714 1405 2809 teneret
1435 2736 1592 2838 quisque
1624 2760 1717 2839 quae
1743 2732 1909 2809 haberet.
1927 2738 2019 2834 (¹7⁰)

439 2855 545 2955 Quae
571 2883 683 2961 quam
709 2883 843 2962 anceps
868 2861 1031 2962 novique
1054 2857 1145 2934 belli
1171 2860 1371 2934 seminibus
1397 2859 1508 2963 plena
1533 2860 1658 2954 fuerit,
1686 2877 1800 2965 patet:
1837 2859 2019 2963 siquidem

436 3003 582 3090 tempus
608 2982 801 3060 definitum
828 3010 905 3061 non
930 3002 1021 3079 erat,
1049 3011 1119 3062 nec
1143 2990 1392 3090 possessiones
1418 2974 1509 3089 quas
1533 3003 1676 3064 teneret
1696 2986 1891 3090 Philippus
1913 3014 2020 3091 quas·
2125 3050 2129 3057 .

439 3139 512 3218 que
535 3113 778 3188 Athenienses
804 3104 1033 3207 nominatae;
1061 3118 1110 3189 ita
1136 3130 1179 3189 ut
1204 3129 1333 3216 postea
1357 3111 1403 3187 de
1422 3111 1640 3217 Amphipoli
1665 3113 1787 3216 deque
1814 3113 1897 3189 aliis
1920 3118 2020 3217 pacis

438 3236 712 3331 conditionibus
738 3237 954 3344 Philippum
980 3243 1077 3315 inter
1096 3256 1134 3315 et
1154 3239 1397 3315 Athenienses
1417 3256 1631 3333 certaretur,
1659 3257 1701 3317 ut
1725 3267 1798 3344 psx
1821 3243 2019 3344 corrigere·

437 3383 499 3443 tur
515 3382 695 3470 petentes,
708 3364 765 3470 'de
786 3391 859 3467 qua
878 3369 979 3468 pacis
998 3369 1228 3441 correctione
1250 3369 1368 3441 oratio
1389 3391 1498 3468 supra
1515 3365 1731 3442 Halonneso
1749 3367 1874 3443 habita
1892 3384 1960 3443 est.

440 3611 573 3705 σύνεδρος
598 3615 650 3678 ουίι
675 3610 816 3690 ἐκάθητο·
841 3608 970 3702 γράψας
997 3607 1030 3677 δὲ
1055 3613 1121 3680 τούς
1147 3608 1365 3702 συνεδρεύοντας
1385 3607 1498 3688 ὄμνύναι
1519 3610 1568 3674 adv
1588 3608 1734 3701 Κερσοβλ.
1761 3613 1793 3675 οὕ
1820 3612 2021 3702 συνεδρεύοντα

438 3713 582 3806 ὶξὲιιλεισε
607 3721 663 3779 τῶν
683 3713 777 3804 ὅρκων.
798 3738 842 3779 or.
864 3717 895 3777 in
916 3715 1048 3799 ctesiph.
1070 3714 1211 3799 p.64.17.
1254 3716 1325 3793 Quo
1345 3716 1379 3777 fit
1398 3717 1498 3801 igiurr,
1518 3728 1551 3776 ut
1564 3727 1713 3796 postremo
1735 3714 1793 3778 hoc
1813 3715 1881 3778 loco
1895 3715 2020 3778 Aeschi-

439 3836 492 3884 nes
517 3840 577 3883 non
603 3818 766 3903 refragetur
791 3817 847 3879 sihi
868 3817 899 3878 in
920 3830 993 3880 orat
1014 3842 1046 3878 ιι.
1066 3811 1173 3904 sperli-
1200 3817 1219 3878 l.
1232 3839 1258 3878 c.
1280 3816 1405 3894 dicenti,
1432 3813 1618 3878 Critobulum
1640 3837 1656 3877 a
1678 3813 1872 3900 Cersohlepte
1893 3816 2019 3880 Athenas

439 3920 566 4004 legatum
586 3918 683 3981 fuisse.
724 3918 845 3980 Scilicet
864 3938 926 3980 non
946 3917 993 3979 hic
1015 3928 1078 3981 erat
1097 3912 1230 4002 σύνεδροι
1250 3920 1305 3978 suiv
1326 3906 1506 3998 συμμάχων..

480 4034 551 4116 (¹⁶⁷)
581 4034 688 4097 Aesch.
702 4059 733 4096 π.
748 4029 856 4123 πρεσβ.
871 4037 1014 4118 p.29.39:
1036 4068 1077 4083 -
1095 4027 1323 4122 Ἀιγλαειιρὲοισα
1336 4032 1383 4096 cdv
1396 4026 1533 4105 Τενέδιον,
1554 4024 1584 4096 δν
1597 4035 1629 4096 ix
1642 4040 1697 4096 tois
1711 4026 1878 4114 συμμύχινν
1892 4027 2019 4094 εἵλεσθε.

480 4151 551 4235 (¹⁶³)
581 4154 668 4216 Deru.
688 4178 720 4215 οι.
741 4177 867 4241 παραπρ.
887 4175 917 4236 p.
925 4152 995 4216 414.
1018 4155 1056 4217 de
1077 4177 1139 4218 cor.
1161 4155 1268 4238 pase.
1288 4153 1395 4218 Aesch.
1416 4179 1448 4214 ιι.
1462 4147 1569 4237 spacii.
1590 4153 1725 4237 peasa
1740 4174 1803 4234 sqq.
1825 4152 1863 4213 ci.
1877 4153 2017 4214 Dinarch.

440 4256 505 4319 adv.
524 4255 610 4318 Dem.
631 4254 717 4337 p.94.
739 4251 819 4338 §292
841 4286 882 4303 -·
908 4248 957 4314 scol
986 4249 1075 4335 ζεύγη
1102 4259 1160 4319 τοῖο
1185 4248 1342 4342 πρύσθεσιν
1368 4244 1553 4326 ἒμισθύσατε
1579 4259 1637 4319 τοῖς
1656 4251 1714 4325 μετ’
1739 4245 1923 4340 Ἀντιπάτρου
1946 4249 2018 4339 δεῦρ’

440 4355 589 4427 ἐλθοῦσιν,
608 4348 822 4425 ἀναλαμβάνων
842 4353 947 4420 αύτούς
966 4347 1015 4415 καὶ
1036 4352 1066 4416 εδ
1087 4348 1250 4417 κολακεύειν
1270 4352 1337 4420 τούς
1350 4348 1519 4420 Μακεδόνας
1539 4358 1646 4442 πρῶτος
1662 4354 1702 4416 tie
1714 4348 1763 4426 τὴν
1775 4346 1857 4414 πύλιν
1871 4345 1998 4434 εἷςύγων.

482 4474 554 4556 (¹⁶⁹)
583 4500 616 4536 ιι.
629 4499 753 4561 παραπρ.
773 4474 878 4556 p.388:
900 4475 924 4534 oi
945 4464 977 4534 δὲ
996 4466 1134 4561 πρέσβεις
1154 4467 1318 4561 ἆιιῄριιεσαν
1339 4475 1364 4534 οἱ
1383 4477 1435 4533 τοῦ
1454 4479 1515 4534 Φιλ.
1536 4464 1680 4541 λαβύνεες
1700 4466 1766 4535 τούς
1780 4465 1887 4559 ὅρκους,
1908 4505 1949 4519 -
1968 4463 2017 4532 καὶ

440 4566 527 4660 saiw
555 4569 654 4637 τούτου
680 4600 717 4654 «γε
742 4567 821 4636 οὐδὲν
847 4565 1001 4648 ἆνῆιιεστον
1025 4566 1058 4648 ἦν
1084 4579 1140 4634 τῶν
1167 4567 1379 4662 πεπραγμένων,
1405 4569 1469 4634 ἀλλ’
1492 4569 1606 4658 αἰσχροὶ
1625 4562 1674 4644 μὲν
1693 4572 1710 4646 οἱ
1732 4565 1819 4660 aipein»)
1840 4564 1889 4633 nal
1909 4565 2019 4653 ἀναξία

431 4677 492 4745 ,τῆς
511 4667 631 4745 πόλεως,
651 4669 712 4737 ἀντὶ
733 4668 766 4736 di
786 4669 889 4737 τούτων
910 4670 944 4750 δὴ
965 4671 1003 4735 ui
1022 4668 1181 4748 θαυμάσια
1201 4671 1312 4755 ἀγαθὰ
1332 4674 1394 4747 ἡμῖν
1414 4664 1534 4748 ἤμελλεν
1555 4665 1690 4734 ἔσεσθαι.
1711 4674 1749 4736 cf.
1763 4673 1834 4735 345.

483 4787 554 4871 (¹⁷⁰)
586 4804 659 4853 orat
681 4794 718 4855 de
733 4795 859 4858 Halonn
880 4818 909 4878 p.
916 4794 1009 4858 83.11
1033 4815 1068 4856 ex
1081 4794 1202 4858 decreto
1216 4793 1398 4871 Philocratis,
1417 4793 1477 4856 vid.
1491 4791 1591 4856 Schol.
1607 4814 1624 4854 e
1638 4792 1705 4856 cod
1719 4791 1889 4875 augustano
1904 4811 1919 4852 a
1932 4792 2018 4853 Reis-

441 4895 490 4957 kio
511 4891 652 4972 exscripta
672 4883 735 4971 (ed.
755 4894 880 4960 Dohson
900 4895 1021 4979 p.298).
2105 4886 2111 4894 ’
