4636 5940
1204 444 1263 537 78

1173 639 1211 741 s·
1231 640 1290 712 1⁹-
1356 738 1361 745 ,

314 804 340 867 ,1
447 818 470 879 ,h
582 766 845 877 Progredimur
873 794 971 843 nunc
995 763 1043 840 ad
1069 791 1149 843 earn
1175 792 1255 841 rem
1272 764 1519 857 tractandam,
1550 793 1658 869 quam
1684 767 1922 844 vehementer
1946 770 2025 844 eul-

311 934 317 947 ·
434 882 647 1013 {pis-atque
669 884 878 1001 opprobrio
899 898 932 975 ci
954 898 1062 975 vertit
1080 892 1352 971 Demosthenes
1373 890 1435 991 (de
1454 919 1531 968 cor.
1551 896 1678 997 pots
1696 900 1812 1009 sqq),
1842 922 2028 1000 quamque
2089 962 2102 987 ,,
2142 925 2145 928 ·

438 1032 477 1104 ἐἰ
502 1052 579 1117 cos,
610 1028 675 1128 qui
701 1039 838 1099 ceteras
856 1021 1077 1126 proditionis
1101 1024 1372 1101 criminationes
1396 1038 1535 1112 arcent,
1565 1025 1723 1096 maximo
1744 1027 1888 1097 crimini
1907 1028 1942 1098 ei
1963 1023 2028 1098 ha·

312 1176 319 1189 '
417 1154 576 1277 qucntss
594 1150 719 1242 video,
750 1146 951 1229 admodum
962 1152 1099 1253 miror,
1128 1146 1271 1255 bellum
1290 1147 1563 1250 Amphissensc.
1601 1148 1815 1225 Accuratius
1835 1150 1931 1226 hano
1949 1177 2028 1226 rem
2121 1162 2124 1169 '

445 1280 596 1385 exhibet
620 1275 821 1355 Aeschines
848 1278 904 1374 (in
922 1270 1024 1353 caes.
1045 1277 1145 1377 pos
1162 1279 1279 1377 sqq.);
1308 1300 1431 1376 neque
1457 1274 1575 1349 ullum
1601 1280 1742 1377 gravius
1766 1280 1929 1353 invenies
1955 1277 2028 1354 dis·

446 1411 585 1493 crimen
610 1408 659 1479 in·
676 1408 720 1479 iis
747 1429 843 1509 quae
865 1401 1145 1478 Demosthenes'
1163 1402 1283 1479 affert.
1327 1399 1473 1496 Quodsi
1495 1419 1693 1504 utrumque
1718 1401 1863 1505 legeris,
1892 1432 2028 1479 assum-

328 1533 330 1536 ’
444 1552 509 1638 pta
542 1559 584 1608 ca
617 1516 943 1634 qua'mstiysen.
971 1530 1155 1632 pnifflfi
1188 1526 1461 1630 diligentissime
1492 1528 1580 1603 fecit
1611 1529 1876 1632 explicatione,
1913 1556 2029 1634 pauca
2147 1590 2153 1605 .

448 1677 591 1738 tantum
617 1674 702 1733 sunt
728 1682 822 1759 quae
849 1655 995 1747 addam,
1013 1642 1121 1759 We
1143 1655 1391 1730 contradicam
1417 1655 1532 1731 nulla.

587 1783 788 1860 Aeschines
820 1787 904 1856 cuni
934 1780 1050 1857 Midia
1079 1780 1146 1856 illo
1171 1781 1395 1886 Anagyrasio
1428 1799 1466 1858 et
1492 1781 1693 1885 Thrasycle
1718 1784 1910 1886 pylagoras
1936 1785 2031 1859 Dio-

446 1930 556 2018 gneto
586 1913 890 1986 hieromnemone
921 1925 1065 1984 creatur
1096 1908 1346 2012 Theophrasti
1379 1934 1477 1985 anno
1509 1924 1664 1985 exeunte
1698 1907 1761 1984 01.
1788 1915 1873 1985 110.
1900 1908 1934 2003 1
1955 1915 2030 1987 sive

446 2066 533 2116 vere
555 2066 587 2112 a.
605 2040 680 2111 339
698 2039 799 2135 (²²⁰).
838 2033 964 2129 Quum
986 2040 1024 2111 in
1045 2050 1231 2121 conventu
1251 2035 1566 2140 Amphictyonum
1587 2041 1662 2112 sive
1683 2035 2030 2113 hieromnemonum

446 2166 559 2241 Locri
584 2163 863 2266 Amphissenses
886 2161 1151 2237 Thebanorum
1178 2166 1289 2264 gratia
1314 2162 1465 2254 ferrent,
1494 2179 1537 2256 ut
1562 2162 1843 2239 Atheniensium
1869 2164 2031 2267 populus

448 2293 713 2395 quinquaginta
743 2288 889 2363 talentis
920 2286 1170 2378 mulctaretur,
1190 2296 1192 2300 ’
1209 2286 1310 2391 quod
1342 2292 1453 2365 scutis
1486 2294 1604 2378 aureis
1636 2289 1760 2366 denuo
1786 2294 1824 2366 in
1851 2290 2033 2394 templum

344 2490 353 2502 ,
448 2415 623 2496 dedicatis
653 2416 938 2518 inscripsissent:
970 2411 1142 2498 Ἀθηναῖοι
1170 2409 1236 2488 ἀπὸ
1261 2406 1376 2500 Μήδων
1409 2410 1465 2490 sui
1490 2406 1664 2503 Dnilus'ws,
1697 2409 1751 2492 ‘dre
1780 2414 1935 2492 τάναντία
1966 2423 2032 2495 τοῖς

442 2537 600 2630 Ἕλλησιν
627 2536 812 2634 ἐμάχοντοε
839 2540 1044 2642 Diognetus
1069 2539 1281 2617 valetudine
1306 2541 1504 2644 impeditus
1524 2544 1745 2620 Aeschinem
1768 2572 1838 2649 pro
1859 2547 1952 2620 urbe
1975 2545 2032 2619 lo-

450 2676 515 2775 qui
541 2675 655 2746 iussit.
698 2667 885 2763 Quicum
910 2666 1163 2742 vehementius
1189 2667 1275 2742 huic
1301 2672 1482 2769 rogationi
1504 2668 1784 2763 contradiceret,
1813 2675 2032 2775 importuni·
2149 2735 2152 2740 .

449 2815 523 2873 tate
549 2801 717 2875 incensus
744 2799 850 2868 unius
877 2819 922 2869 ex
939 2793 1254 2896 Amphissensium
1281 2794 1478 2898 pylagoris,
1507 2797 1572 2897 qui
1588 2792 1685 2871 inter
1701 2796 1770 2871 alia
1788 2795 1920 2872 foedus
1939 2824 2032 2900 quo-

451 2948 523 3028 quc
540 2922 820 2998 Atheniensium
839 2947 924 2997 cum
940 2919 1193 2996 Phocensibus
1213 2924 1345 2995 initum
1363 2948 1466 2997 sacro
1485 2925 1628 2998 crimini
1646 2921 1769 3015 dabat,
1799 2950 1931 3027 magno
1950 2952 2034 2998 cum

451 3050 581 3127 ardore
608 3052 834 3150 monstrarit,
864 3050 964 3150 ipsos
981 3047 1261 3149 Amphissenses
1287 3072 1374 3149 agro
1405 3046 1474 3122 diis
1500 3074 1603 3122 sacro
1630 3066 1731 3124 arato
1759 3051 1936 3154 cultoque
1956 3076 2034 3126 sce·
2141 3062 2146 3073 '

451 3179 508 3252 lus
534 3177 653 3251 multo
680 3179 793 3278 magis
819 3174 971 3251 foedum
997 3177 1211 3276 suscepisse.
1241 3171 1346 3267 ¹Quo
1379 3174 1621 3267 factumest,
1657 3192 1699 3250 ut
1724 3176 1898 3278 neglectis
1924 3182 2034 3252 scutis

451 3304 552 3380 illico
585 3303 631 3378 de
662 3300 860 3407 puniendis
884 3300 1208 3403 Amphissensibus
1235 3303 1472 3400 cogitaretur.
1519 3300 1700 3405 Sequenti
1729 3300 1789 3376 die
1817 3307 1886 3406 ipsi
1913 3304 2035 3379 hiero·

452 3456 667 3506 mnemones
696 3446 732 3505 et
757 3428 956 3532 pylagorae
982 3453 1065 3501 cum
1084 3425 1279 3529 Delphicis
1306 3425 1393 3501 dum
1413 3445 1562 3531 portum
1583 3426 1801 3508 Cirrhaeum
1817 3416 2033 3524 obstruunt,

454 3556 618 3634 aedificia
644 3553 867 3648 incendunt,
896 3553 1009 3629 Locri
1028 3551 1309 3655 Amphimenscs
1335 3557 1482 3647 armati,
1513 3556 1577 3657 qui
1602 3551 1688 3629 inde
1711 3558 1895 3655 sexaginta
1920 3555 2035 3631 stadia

452 3685 679 3775 habitabant,
709 3685 867 3759 universi
892 3681 964 3757 illis
990 3678 1157 3755 incidtmt
1180 3679 1393 3783 fugantque.
1431 3681 1504 3757 Die
1529 3683 1698 3783 sequenti
1721 3707 1805 3755 cum
1825 3680 2035 3787 Cottyphus

452 3809 659 3885 Pharsalius
686 3811 701 3881 ὁ
728 3803 788 3886 τὰς
814 3799 1186 3905 sidnacestrensem
1211 3806 1501 3912 Amphictyonas
1527 3825 1777 3901 convocasset,
1813 3810 1966 3913 placuit,
1997 3828 2036 3886 ut

456 3954 539 4012 ante
560 3940 769 4038 proximum
783 3935 1099 4038 Amphictyonum
1121 3933 1318 4009 concilium
1338 3951 1506 4038 tempore
1527 3937 1727 4010 constituto
1746 3937 1792 4034 (ἐν
1810 3938 1892 4044 ῥητῷ
1910 3930 2035 4044 χρόνῳ)

454 4061 777 4139 hieromnemones
803 4065 1043 4138 convenirent
1061 4060 1171 4166 Pylas
1196 4088 1281 4136 cum
1306 4059 1470 4155 decreto,
1500 4086 1544 4136 er
1571 4067 1647 4162 quo
1667 4062 1946 4164 Amphissenses
1965 4089 2034 4164 pu-

456 4193 636 4277 nirentur,
666 4184 768 4288 quod
795 4189 833 4259 in
860 4185 970 4261 deum
997 4205 1034 4262 et
1059 4191 1098 4262 in
1124 4205 1260 4263 terram
1284 4215 1422 4264 sacram
1448 4204 1486 4262 et
1512 4189 1550 4260 in
1576 4188 1863 4290 Amphictyones
1889 4214 2035 4290 peccas-

456 4452 503 4492 τος
523 4432 577 4487 τῶν
597 4421 670 4496 μετὰ
683 4417 827 4516 Φωκιύυος
844 4417 892 4481 καὶ
908 4429 1133 4503 Κηφιτοφῶντος
1152 4432 1326 4507 chorensis
1346 4416 1502 4494 &rithmo
1522 4418 1630 4512 spasipts
1641 4418 1784 4510 Ἀνδρεία,
1796 4421 1930 4486 Ἀλκαίου
1945 4421 2036 4513 ἔργον,

456 4520 625 4613 τριήραρχος
644 4518 805 4612 Ὑπερείδης
824 4519 1010 4586 Γλαυκίππου
1031 4523 1196 4592 Κολλυτιῦς
1215 4519 1364 4596 κατέβαλε
1384 4549 1446 4585 m.
1457 4535 1484 4585 λ.
1506 4527 1565 4589 vit.
1580 4537 1677 4589 mot.
1692 4524 1832 4588 Boeckhii
1852 4526 1958 4608 pili.

498 4641 569 4723 (¹⁷⁰)
600 4644 707 4706 Aesch.
722 4645 741 4704 l
754 4665 780 4705 c.
802 4642 868 4706 vide
882 4643 1028 4726 Droyssn
1043 4664 1072 4726 p.
1083 4644 1124 4706 ³9
1135 4665 1189 4726 sq,
1210 4645 1261 4727 qul
1275 4644 1492 4720 demonstravit,
1514 4655 1689 4706 conventum
1702 4642 1949 4728 Amphictyonum
1961 4646 2036 4709 Del·

459 4743 577 4827 phicum
598 4745 693 4807 inisse
705 4767 776 4808 rere
796 4766 857 4808 non
878 4756 1048 4820 autumno,
1076 4757 1179 4808 contra
1199 4745 1377 4808 Boedhinm
1397 4743 1434 4806 ad
1455 4742 1547 4826 Corp.
1562 4744 1652 4807 Imcr.
1667 4767 1697 4828 p.
1705 4745 1776 4822 808,
1804 4759 1834 4806 et
1855 4743 1891 4806 C.
1907 4745 1941 4806 F.
1958 4749 2036 4810 ller-

457 4864 552 4905 mann.
567 4841 667 4924 Antiq.
683 4844 737 4906 Gr.
753 4868 781 4927 p.
787 4846 837 4907 39.
850 4878 890 4892 -
905 4844 968 4907 co.
982 4844 1141 4908 Briickner.
1156 4844 1176 4906 l.
1187 4845 1208 4906 Ι.
1222 4840 1330 4928 past
1351 4845 1389 4906 tt.
1402 4844 1627 4908 llauchenstein.
1647 4846 1684 4908 de
1702 4858 1837 4929 tempore
1858 4868 1917 4929 quo
1931 4847 2035 4910 Aesch.

459 4957 489 5007 et
508 4944 594 5007 orn.
617 4946 766 5015 orationes
787 4943 1013 5028 Ctesiphontem
1034 4944 1148 5010 habitas
1168 4946 1227 5010 sint
1244 4946 1462 5011 commentatio.
1488 4944 1616 5010 Aroeiss
1630 4946 1721 5010 tots.
