4636 5940
1223 415 1279 503 42

460 617 539 716 ipse
570 605 740 713 proedris
773 608 1031 710 propositurus
1058 621 1149 681 erat.
1166 607 1258 705 (¹⁶¹)
1308 604 1484 708 Denique
1507 608 1547 681 in
1570 603 1790 685 Philocratis
1817 626 1855 686 et
1878 615 1979 714 pacis
2004 631 2041 688 et

460 734 620 815 foederis
643 733 796 810 ineundi
823 731 1098 809 conditionibus
1125 733 1345 826 subsistitur3
1380 732 1542 836 populus
1568 737 1607 808 in
1631 733 1844 837 suffragium
1871 741 2039 813 mittitur.

459 863 654 940 Postremo
680 863 875 965 Antipater
897 864 937 935 in
962 863 1181 936 concionem
1207 856 1437 935 introductus
1471 857 1626 936 decretis
1652 862 1785 965 populi
1810 869 1961 941 nomine
1986 891 2043 941 re·

461 995 514 1095 gis
538 994 764 1067 consensisse
788 986 933 1066 ridetur
959 985 1110 1087 (Aesch.
1136 991 1176 1061 in
1202 984 1304 1062 Ctes.
1333 988 1531 1090 pota).

1208 1215 1298 1321 §.a

602 1368 662 1446 De
688 1371 796 1444 sociis
822 1365 868 1441 ad
889 1391 1019 1470 pacem
1041 1363 1265 1442 assumendis
1284 1365 1556 1443 Demosthenes
1577 1373 1631 1465 (r.
1644 1395 1791 1478 σαραπρ.
1808 1373 1950 1474 p.3s1)
1971 1390 2043 1448 tra·

463 1497 535 1574 dit:
564 1540 604 1557 -
628 1496 709 1570 ἀλλ’
727 1488 1005 1585 ἀναγκασθέντος
1029 1495 1091 1591 ὑφ’
1110 1494 1199 1583 ὑμῶν
1219 1494 1277 1568 σοῦ
1298 1486 1516 1604 Φιλοκράτους
1534 1495 1642 1570 coire
1661 1490 1717 1585 μὲν
1738 1493 1930 1586 ἀπαλεῖψαι
1949 1499 2041 1597 (scil

463 1619 548 1711 πλὴν
568 1617 688 1699 ‘atior
715 1617 770 1696 sol
795 1613 961 1720 Φωκέων),
987 1612 1126 1729 γράψαι
1151 1614 1182 1693 <l
1204 1612 1353 1728 ἄντικρυς
1372 1616 1568 1707 Ἀθηναίους
1594 1618 1649 1696 sol
1672 1617 1749 1701 σούς
1763 1621 1881 1710 ’Atius
1909 1621 2044 1713 συμμά.

462 1780 558 1846 χιυι.
602 1750 739 1853 Αῑφια
752 1764 905 1851 apparet
931 1773 952 1822 e
977 1745 1207 1823 documentis
1232 1747 1331 1849 apud
1357 1747 1593 1843 Aeschinem,
1622 1750 1691 1824 sub
1717 1749 1831 1826 finem
1857 1755 2047 1827 concionis

464 1879 514 1954 25
545 1875 770 1981 Elaphebol.
810 1873 957 1949 habitae
987 1875 1034 1949 ab
1070 1873 1197 1976 legatis
1230 1872 1396 1977 Philippi
1426 1879 1547 1951 socios
1580 1873 1816 1954 iureiurando
1850 1879 2046 1954 obstrictos

465 2030 543 2081 esse
558 2007 664 2104 (¹⁶²);
691 2027 769 2079 non
794 2001 903 2076 simul
931 2017 969 2079 et
994 2026 1067 2076 una
1092 2027 1178 2076 cum
1198 1999 1483 2077 Atheniensibus
1509 2005 1637 2107 (quam
1664 2005 1714 2080 ob
1741 2030 1820 2079 rem
1844 2003 2046 2082 Aeschines

463 2129 756 2208 Demosthenem
781 2131 900 2230 arguit
924 2126 1170 2232 impedivisse,
1199 2154 1247 2204 ne
1272 2130 1396 2204 civitas
1419 2127 1701 2206 Atheniensium
1725 2148 1836 2235 caput
1861 2134 2047 2207 sociorum

464 2275 544 2333 tum
573 2255 698 2346 fieret,
735 2256 940 2351 mentitus),
975 2253 1040 2328 sed
1072 2279 1239 2329 seorsum
1271 2258 1397 2329 iuratis
1422 2257 1494 2330 mm
1520 2272 1627 2332 antea
1652 2257 1940 2334 Atheniensibus
1964 2262 2048 2362 paci

464 2409 549 2458 cum
568 2380 745 2483 Philippo
766 2379 882 2455 saetae
904 2381 1107 2455 accessisse.
1161 2379 1222 2455 De
1245 2379 1491 2486 Cersoblcpta
1510 2408 1596 2487 rege
1615 2383 1888 2461 Demosthenes
1907 2389 1947 2460 in
1965 2410 2045 2460 ora-

464 2514 567 2586 tione
591 2503 663 2615 rapi
687 2533 834 2615 σαραπρ.
862 2509 1014 2581 omnino
1034 2504 1148 2581 fusius
1168 2505 1275 2609 loqui
1294 2509 1570 2612 supersedebat,
1600 2513 1670 2586 nisi
1692 2512 1794 2615 quod
1815 2510 1906 2586 ibid.
1922 2513 2048 2613 p.395

465 2635 530 2711 lin.
562 2631 668 2709 dicit:
702 2633 829 2741 πρῶτον
860 2625 916 2723 μὲν
940 2626 1043 2705 σοι’νυν
1067 2635 1191 2710 Φωκαῒς
1218 2626 1416 2712 ἐκσπόνδους
1441 2633 1497 2709 καὶ
1517 2638 1624 2713 ‘Aleis
1647 2630 1816 2734 ἀπέφηναν
1843 2635 1898 2712 sul
1923 2649 2046 2744 Κερσο-

465 2753 629 2847 βλέπτην,
657 2755 711 2834 καὶ
735 2752 827 2868 παρὰ
850 2751 889 2832 ri
913 2750 1084 2856 ψήφισμα
1110 2754 1165 2833 καὶ
1188 2753 1233 2834 σοὶ
1258 2753 1338 2869 πρὸς
1361 2761 1449 2851 ὑμᾶς
1472 2755 1626 2871 εἰρημένα
1666 2761 1809 2838 Tamen
1835 2763 1963 2868 paullo
1983 2789 2047 2839 an·

466 2908 539 2966 tea:
569 2879 655 2963 οιῖσοι
678 2885 921 2986 (Philocrates
947 2902 985 2961 et
1008 2885 1229 2986 Aeschines)
1252 2879 1291 2962 ri
1314 2880 1442 2997 apricos
1467 2883 1553 2976 πλὴν
1574 2883 1694 2965 ‘atius
1719 2885 1776 2964 sol
1800 2888 1937 2965 Φωκέων
1963 2883 2047 3000 γραί-

465 3013 538 3108 ψαι
565 3010 831 3124 (ἐπεχείρησαν),
871 3010 1121 3089 Philocratem
1150 3038 1240 3090 vero
1271 3029 1441 3091 coactum
1471 3041 1550 3092 esse
1581 3018 1742 3093 scribere
1767 3013 1962 3102 Ἀθηναίους
1995 3015 2050 3092 καὶ

466 3139 543 3222 σούς
559 3140 742 3229 Ἀθηναίων
769 3132 983 3235 συμμάχους.
1034 3140 1079 3215 In
1105 3143 1271 3216 oratione
1299 3138 1345 3216 de
1372 3167 1509 3217 corona
1536 3167 1585 3218 ne
1605 3145 1720 3219 verbo
1743 3143 1893 3246 quidem
1914 3143 2046 3220 Cerso-
2132 3166 2141 3175 ’

466 3271 630 3376 bleptam
656 3272 788 3373 tetigit;
816 3284 854 3343 et
880 3265 983 3371 quod
1010 3266 1098 3341 alibi
1122 3267 1275 3370 legimus
1302 3265 1402 3342 idem
1428 3267 1474 3343 de
1500 3267 1574 3344 hoc
1598 3295 1669 3374 per
1693 3268 1915 3346 Aeschinem
1938 3269 2047 3345 desti·

467 3414 548 3472 tuto
581 3394 825 3499 Cersoblcpta
856 3396 895 3468 in
922 3409 1022 3509 porat.
1051 3390 1150 3468 Phil.
1178 3392 1244 3468 tv.
1272 3420 1312 3497 p.
1326 3395 1397 3468 133
1430 3409 1468 3469 et
1498 3410 1591 3470 orat.
1621 3393 1668 3469 de
1700 3399 1858 3500 epistola
1884 3396 2050 3501 Philippi

467 3553 507 3630 p.
521 3526 606 3616 too,
643 3549 728 3599 cum
758 3522 903 3626 spuriae
934 3520 1008 3595 sint
1031 3517 1101 3593 hae
1128 3523 1327 3613 orationes,
1362 3518 1455 3596 nihil
1482 3517 1528 3595 ad
1554 3518 1847 3597 Demosthenem
1871 3529 2046 3625 pertinet.

467 3650 651 3756 Equidem
676 3652 852 3743 arbitror,
882 3644 1123 3729 Athenienses
1152 3644 1420 3751 Cersoblcptae
1446 3651 1542 3750 regi,
1570 3663 1612 3721 ut
1636 3661 1738 3721 tutus
1762 3650 1802 3724 in
1825 3662 1908 3722 tuto
1934 3672 2049 3750 regno

468 3804 536 3854 suo
562 3794 674 3872 esset,
710 3803 840 3881 parum
865 3773 1088 3878 providisse,
1123 3771 1235 3850 credo
1268 3776 1354 3877 quia
1380 3776 1516 3849 scirent
1537 3770 1753 3877 Philippum
1778 3800 1862 3849 cum
1889 3780 2050 3851 exercitu

470 3903 665 3980 Thraciam
696 3907 769 3977 iam
799 3905 984 3978 invasisse.
1037 3899 1171 4005 Neque
1203 3898 1328 3976 aderat
1353 3900 1509 3978 Athenis
1534 3899 1632 3976 ullus
1659 3899 1926 4006 Cersoblcptae
1951 3902 2048 4003 lega·

469 4050 547 4123 tus,
582 4055 666 4103 cum
696 4027 743 4102 de
774 4054 865 4131 pace
896 4031 1083 4133 agebatur.
1138 4025 1215 4124 Qui
1247 4053 1336 4104 vero
1364 4031 1491 4133 paucis
1517 4024 1648 4103 diebus
1673 4046 1760 4132 post
1783 4052 1912 4131 pacem
1938 4027 2051 4104 altera

511 4309 582 4392 (¹⁶¹)
612 4307 718 4371 Aesch.
744 4299 806 4394 περὶ
826 4301 934 4394 πρισβ.
961 4308 1331 4393 p.36.25etp.371nic:
1359 4354 1387 4370 ..
1408 4310 1433 4369 si
1452 4305 1495 4389 δῷ
1515 4310 1633 4390 (Dem.)
1654 4313 1696 4388 τῷ
1720 4313 1884 4394 γραμματεῖ
1905 4301 2049 4386 intelam!-

470 4410 587 4473 σασθαι
608 4414 665 4476 τοῖς
685 4401 837 4496 προέδροις,
856 4400 905 4468 καὶ
925 4397 1009 4480 εἶναι,
1029 4407 1075 4487 ἐφ’
1098 4402 1138 4475 οἷς
1157 4407 1207 4486 τὴν
1227 4404 1331 4499 sipritus
1350 4403 1399 4471 soi
1418 4406 1468 4482 τὴν
1489 4404 1662 4492 συμμαχίαν
1687 4400 1806 4496 ἷγραψε
1831 4407 1981 4472 ποιεῖσθαι
2006 4404 2050 4470 inl

470 4517 528 4578 soie
547 4512 653 4585 αὐτοῖς,
674 4508 719 4591 ἐφ’
742 4501 782 4575 οἷο
802 4533 853 4595 περ
874 4501 923 4569 καὶ
943 4503 1117 4596 Φιλοκράτης
1136 4504 1304 4599 imperiose
1329 4511 1360 4574 id
1382 4509 1461 4591 quod
1481 4523 1603 4576 testam
1622 4512 1669 4573 vir
1688 4511 1879 4596 magistratus,
1904 4511 2049 4593 Amyntor

471 4612 620 4677 Erchieus.
1579 4634 1584 4643 ·

512 4727 583 4811 (¹⁶²)
613 4726 650 4790 A.
671 4755 703 4792 ιο.
724 4725 830 4818 apauli.
851 4729 992 4813 p.39.23:
1014 4728 1052 4794 ale
1072 4726 1103 4791 δ’
1122 4731 1140 4804 οἱ
1161 4735 1294 4818 παροῦσα
1314 4724 1448 4802 witrio
1469 4723 1603 4803 διαλάθῃ,
1624 4723 1775 4818 ἐξώρκιζον
1793 4728 1861 4794 roric
1873 4724 2050 4809 συμμάχους

459 4833 496 4894 st
515 4833 567 4890 τοῦ
586 4834 647 4888 usit.
667 4822 804 4917 πρέσβυς
824 4831 852 4892 ἐν
871 4836 913 4912 τῷ
932 4825 1092 4919 στρατηγίῳ
1113 4835 1155 4911 τῷ
1175 4825 1302 4917 iamiqu.
1344 4830 1511 4912 Sequuntur
1530 4826 1676 4919 μαρτνρῖαι
1688 4836 1744 4893 τῶν
1757 4823 1896 4916 συνίδρυον
1909 4835 1963 4891 τῶν
1977 4852 2049 4899 συμ-

472 4925 590 5011 μάχων.
611 4927 649 4989 el.
671 4930 702 4989 iu
722 4928 804 4995 thr.
826 4930 959 5014 p-dMO
972 4945 1004 4997 et
1016 4930 1068 4995 17.
1807 4954 1810 4959 ’
