4636 5940
303 589 418 666 tando
448 587 702 692 quotidianum
733 591 869 664 victum
899 590 944 662 iis
976 589 1295 690 comparant·(⁶⁹).
1348 588 1406 660 Ex
1436 587 1647 665 huiusmodi
1670 587 1879 694 discrepan-

302 720 362 823 tiis
386 730 465 791 tota
489 714 717 818 reipublicae
741 719 952 817 procuratio
973 716 1178 816 composita
1203 730 1293 788 erat.
1335 714 1460 789 Mores
1479 718 1652 790 iuvenum
1670 723 1882 822 provectio·

302 868 458 945 rumque
483 858 568 917 sunt
589 839 858 916 dissolutissimi
873 843 959 938 (⁷⁰);
987 844 1014 914 ii
1034 867 1099 942 qus
1120 839 1386 944 rempublicam
1405 845 1688 944 capessiverunt,
1719 871 1763 919 ex
1782 868 1882 920 aera-

302 973 359 1044 rio
383 969 536 1072 publico
562 994 641 1043 rem
661 992 764 1043 suam
784 968 1013 1069 petunt(⁷¹);
1042 984 1207 1042 oratores
1226 967 1444 1070 loquuntur,
1475 993 1570 1071 quae
1592 985 1690 1070 grata
1711 989 1796 1046 sunt
1812 996 1882 1074 po·

302 1095 394 1200 pulo
410 1099 496 1195 (⁷²);
525 1120 546 1169 e
571 1093 673 1169 bello
699 1093 947 1169 emolumenta
975 1096 1256 1196 quaerunt(⁷³);
1293 1096 1472 1168 exereitus
1500 1092 1684 1170 ducuntur
1708 1121 1728 1168 a
1755 1088 1882 1172 corru-

301 1224 474 1324 ptissimis
498 1220 724 1313 hominibus,
755 1224 819 1322 qui
843 1223 882 1295 in
906 1222 1027 1294 socios
1050 1236 1093 1295 ut
1118 1219 1242 1296 hostes
1268 1245 1308 1295 se
1333 1236 1463 1323 gerunt
1477 1222 1563 1320 (⁷⁴).
1616 1220 1750 1324 Neque
1776 1228 1880 1325 igno·

302 1363 385 1422 rant
410 1346 660 1450 corruptelam
684 1346 1078 1449 rerumpublicarum,
1111 1344 1175 1421 sed
1201 1349 1241 1422 in
1267 1344 1425 1422 officinis
1452 1345 1620 1423 sedentes
1646 1353 1781 1424 mutuis
1806 1375 1882 1425 ser-

302 1475 475 1548 monibus
506 1473 639 1547 malam
669 1472 919 1549 conditionem
946 1488 1153 1576 queruntur
1166 1476 1253 1571 (⁷⁵);
1286 1488 1536 1549 verumtamen
1566 1491 1708 1550 tantum
1740 1477 1879 1568 aberat,

303 1616 344 1675 ut
369 1616 502 1674 statum
527 1602 709 1701 corrigere
735 1598 938 1691 studerent,
965 1614 1009 1674 ut
1024 1624 1103 1693 eos,
1133 1602 1198 1702 qui
1218 1595 1425 1692 suaderent,
1456 1599 1648 1702 quomodo
1667 1628 1726 1678 res
1744 1601 1881 1676 firmari

302 1743 467 1829 possent,
495 1751 675 1801 novarum
699 1751 822 1801 rerum
848 1722 1044 1818 studiosos,
1074 1727 1242 1805 inimicos
1266 1725 1399 1829 populi
1424 1724 1703 1802 Atheniensium
1729 1744 1767 1802 et
1791 1733 1880 1803 ami·

304 1875 367 1926 cos
390 1854 535 1956 imperii
559 1878 762 1957 paucorum
787 1850 1064 1954 habereut(⁷⁶).

1044 2059 1136 2163 §.a

444 2184 535 2261 Tres
560 2188 790 2289 potissimum
815 2202 937 2288 partes
963 2186 1117 2263 Athenis
1143 2185 1253 2263 inisse
1278 2186 1368 2262 mihi
1388 2184 1570 2285 videntur,
1601 2212 1695 2291 quae
1722 2185 1880 2263 diversas

301 2311 460 2388 rationes
483 2315 744 2416 sequebantur:
773 2312 834 2388 alii
861 2314 995 2414 quibus
1022 2311 1110 2386 odio
1137 2329 1214 2388 erat
1238 2316 1432 2418 imperium
1457 2314 1603 2418 populi,
1632 2317 1704 2389 toti
1727 2340 1748 2388 a
1768 2339 1879 2415 repu-

301 2434 398 2511 blica
423 2463 462 2513 se
488 2441 720 2530 amovebant,
752 2456 788 2513 et
810 2437 965 2513 salutem
990 2440 1183 2541 ponebant
1207 2439 1323 2514 solam
1348 2444 1387 2514 in
1412 2465 1473 2531 eo,
1501 2457 1544 2515 ut
1567 2444 1735 2516 universa
1762 2439 1878 2515 Grae·

301 2564 356 2634 cia
382 2566 576 2637 coniuncta
601 2563 742 2637 bellum
766 2562 919 2636 inferret
944 2588 1077 2664 magno
1103 2567 1180 2664 regi
1200 2561 1393 2638 Persarum
1420 2567 1571 2666 eiusque
1597 2590 1750 2666 regnum
1777 2591 1878 2640 ever·

301 2701 409 2777 teret;
437 2686 537 2779 inde,
566 2704 608 2763 ut
632 2684 737 2762 sedes
763 2690 802 2760 in
824 2686 910 2760 Asia
931 2685 1203 2762 collocarentur
1222 2690 1281 2780 iis,
1316 2690 1380 2789 qui
1406 2705 1560 2791 propter
1587 2706 1783 2791 egestatem
1809 2694 1878 2765 cir·

303 2828 557 2914 cumvagantes
595 2816 634 2886 in
666 2810 821 2887 Graecia
860 2837 988 2887 omnes
1018 2839 1076 2888 res
1113 2813 1316 2889 turbarent.
1376 2813 1555 2889 Isocrates
1589 2819 1740 2918 eiusque
1772 2815 1878 2891 disci·

299 2936 398 3041 puli,
434 2942 498 3040 qui
530 2955 633 3015 crant
656 2939 781 3033 multi,
815 2939 881 3014 has
906 2955 1029 3042 partes
1054 2939 1213 3042 amplexi
1242 2956 1344 3033 sunt,
1379 2957 1416 3017 et
1443 2945 1595 3017 omnino
1620 2946 1689 3017 viri
1715 2940 1816 3018 docti
1842 2960 1880 3018 et

298 3064 624 3169 philosophantes:
658 3070 723 3169 qui
753 3064 1048 3142 commodissime
1079 3068 1149 3141 sibi
1176 3083 1391 3142 eventurum
1417 3070 1613 3171 putabant,
1648 3073 1754 3144 utin
1778 3087 1878 3145 tran-

301 3191 419 3295 quillo
452 3218 494 3267 ac
525 3192 624 3268 felici
656 3191 834 3270 Graeciae
866 3210 961 3269 statu
990 3193 1121 3269 litteris
1151 3194 1405 3269 incumbentes
1438 3194 1555 3270 multo
1587 3196 1729 3271 beatius
1754 3200 1877 3272 rivere

233 3392 237 3403 ,
299 3334 451 3421 possent
475 3322 560 3418 (⁷⁷).
616 3316 787 3414 Quorum
818 3344 901 3421 spes
940 3336 1137 3421 postquam
1174 3321 1329 3420 repetita
1366 3335 1420 3393 est
1450 3324 1611 3421 primum
1645 3322 1796 3425 quidem
1830 3324 1876 3397 ab

298 3445 585 3520 Atheniensibus
599 3447 684 3541 (⁷⁸),
714 3442 848 3518 deinde
874 3469 895 3517 a
919 3443 1102 3546 Dionysio
1130 3442 1388 3546 Syracusarum
1413 3459 1569 3547 tyranno
1585 3452 1670 3542 (²⁹),
1706 3466 1743 3523 et
1769 3454 1878 3525 etiam

341 3675 398 3757 (⁶⁹)
429 3678 466 3740 de
488 3696 559 3759 pace
580 3675 663 3738 odi.
689 3672 797 3748 πολλὴν
818 3666 906 3762 χάριν
932 3667 1057 3754 ἔχοντας
1076 3677 1139 3737 ταῖς
1160 3669 1352 3753 ιῖςνιγιγελῖιιις
1370 3666 1419 3734 nai
1440 3677 1503 3738 roric
1523 3677 1652 3759 γραφαῖς
1672 3665 1720 3735 usal
1741 3681 1803 3739 ταῖς
1823 3668 1877 3736 ἆλ-

298 3787 363 3842 λαις
383 3771 587 3856 σνκνφιιντιῒιις
606 3780 670 3841 ταῖς
690 3773 724 3838 δι’
746 3774 840 3838 αὐτῶν
859 3767 1046 3856 perpaucitate.

340 3892 397 3974 (⁷⁰)
429 3896 523 3956 Huius
544 3896 588 3957 rei
609 3896 815 3958 documentum
835 3907 879 3957 est
898 3893 962 3955 adr.
984 3891 1172 3954 Timarchum
1192 3895 1298 3958 oratio.
1320 3893 1358 3956 cf.
1379 3894 1470 3956 lacer.
1492 3892 1603 3977 hrcop.
1625 3895 1708 3957 ets.

340 4008 398 4089 (⁷¹)
428 4011 521 4071 Isocr.
542 4002 697 4074 Panathen
720 4013 803 4075 cst.
824 4013 861 4074 de
883 4032 954 4094 pace
975 4010 1037 4072 cd.
1060 4010 1209 4094 cassqq.
1258 4009 1873 4095 (⁷¹)1socr.depacec.4.e.10.c.41.

341 4125 398 4208 (¹³)
429 4125 534 4188 dasch.
556 4119 618 4212 περὶ
638 4122 745 4213 apreli.
767 4129 909 4213 ptimo.

341 4245 398 4327 (⁷⁴)
429 4244 585 4307 Panathen.
607 4245 690 4307 cst.
713 4244 750 4307 de
771 4267 842 4328 pace
863 4247 944 4309 oli.
966 4246 1020 4309 cir.
1041 4247 1117 4312 Plut.
1138 4251 1189 4312 rit.
1210 4248 1369 4311 Phocionis
1390 4252 1461 4311 cii
1486 4249 1523 4309 de
1546 4246 1683 4310 Charete.

339 4362 398 4447 θ’)
427 4363 539 4446 Areop.
561 4362 623 4427 c.5.
645 4363 681 4427 de
703 4385 775 4447 paee
795 4364 845 4426 40.

340 4481 396 4563 (⁷⁶)
427 4483 538 4567 Areop.
560 4483 643 4545 ets.
671 4483 708 4546 de
734 4483 1056 4566 psce17.clr.c.43.
1085 4486 1228 4549 Isocrates
1248 4497 1339 4547 totam
1360 4486 1433 4547 hanc
1454 4497 1528 4548 orat.
1551 4486 1642 4549 edidit
1661 4501 1740 4550 metu
1761 4488 1873 4570 plenus,
1921 4520 1926 4531 ·

299 4601 337 4643 ne
358 4583 419 4663 ipse
440 4597 590 4647 aecusator
611 4585 684 4667 reip.
706 4584 864 4646 viderettu.
886 4584 923 4646 ef.
945 4585 1086 4668 imprimis
1107 4608 1133 4650 c.
1142 4586 1171 4648 5.
1194 4586 1267 4647 eto
1281 4598 1313 4648 et
1325 4585 1376 4647 24.

341 4696 398 4778 (⁷⁷)
429 4700 467 4762 de
491 4723 561 4781 pace
589 4717 659 4765 extr.
689 4702 726 4767 ὥς
751 4701 780 4762 ἐν
804 4705 867 4768 ταῖς
891 4707 941 4775 τῆς
966 4689 1108 4770 ‘maaser
1133 4698 1301 4790 εὐπραγίαις
1326 4697 1478 4775 συμβαίνει
1503 4699 1551 4766 καὶ
1572 4703 1609 4767 τὰ
1629 4710 1684 4767 τῶν
1705 4699 1873 4786 φιλοσόφων

298 4789 457 4884 πράγματα
475 4806 574 4879 πολλῷ
593 4797 700 4870 βελτίω
722 4798 892 4887 «γίγνισθαι.

340 4902 398 4988 (⁷⁸)
428 4904 700 4990 Panegyricaorat
722 4911 775 4976 cfr.
797 4909 1032 4975 secutast.
1186 4909 1243 4994 (¹⁹)
1275 4912 1358 4998 epist
1379 4913 1395 4976 l
1414 4913 1451 4976 ad
1470 4915 1593 4998 Dionys.
