4636 5940
1032 406 1088 497 37

270 599 556 676 Atheniensibus
587 595 824 701 prodessent,
860 623 944 673 cum
975 622 1059 701 rege
1092 615 1251 702 agerent.
1306 599 1555 677 Consentiunt
1582 601 1674 677 *huic
1701 601 1850 680 decreto

269 731 339 803 viri
370 729 527 830 insignes
557 723 725 798 Eubulus
757 741 795 798 et
826 722 1108 827 Cephisophon.
1129 727 1216 826 (¹⁴⁰)
1268 725 1538 804 Demosthenes
1570 755 1590 802 a
1623 728 1848 822 Philocrate,

268 852 470 928 Aeschines
495 854 541 926 ab
567 850 739 925 Nausicle
766 837 990 952 proponitur
1014 851 1168 954 legatus3
1196 869 1342 954 praeter
1366 852 1435 929 hos
1462 859 1573 930 creati
1598 871 1683 931 sunt
1699 854 1851 959 Phryno

268 978 332 1054 ille
359 996 397 1055 et
422 978 627 1080 Ctesiphon
645 994 682 1053 et
698 975 966 1070 Aristodemus,
994 978 1183 1072 Iatrocles,
1213 977 1363 1072 Cimon,
1392 978 1688 1084 Dercylus(¹⁴¹);
1716 980 1762 1055 ad
1780 981 1850 1057 hos

269 1130 315 1181 ex
339 1109 446 1181 sociis
471 1104 678 1206 Aglaocreo
706 1101 908 1179 Tenedius.
962 1105 1143 1180 Abierunt
1169 1104 1209 1178 hi
1235 1109 1375 1180 cunctis
1401 1110 1729 1201 consentientibus,
1759 1135 1848 1184 cun·

269 1235 335 1308 ctis
363 1256 405 1307 ea
430 1257 496 1333 spe
522 1231 657 1334 plenis,
686 1256 814 1332 pacem
833 1230 980 1305 tandem
998 1248 1035 1307 et
1053 1235 1218 1333 quietum
1236 1248 1371 1307 statum
1387 1232 1612 1334 reipublicae
1633 1249 1849 1311 eventurum

269 1384 361 1451 esse,
390 1383 488 1433 anno
515 1374 672 1432 exeunte
698 1359 786 1435 347.
834 1355 1066 1433 Caduceator
1081 1357 1316 1433 Atheniensis
1338 1361 1558 1460 praemissus
1576 1376 1643 1451 est,
1674 1364 1752 1461 qui,
1781 1363 1851 1434 tuti

269 1502 311 1560 ut
326 1485 436 1586 legati
458 1483 643 1586 proficisci
659 1499 824 1586 possent,
854 1487 1078 1586 impetraret.
1115 1484 1277 1560 Profecti
1295 1501 1379 1560 sunt
1396 1485 1564 1560 celeriter
1581 1486 1690 1587 legati
1709 1482 1850 1561 Oreum

270 1608 452 1712 oppidum
479 1607 524 1682 ad
551 1609 875 1712 septentrionalem
900 1610 1076 1685 Euboeae
1102 1610 1242 1685 insulae
1268 1627 1409 1712 partem
1432 1615 1556 1705 situm,
1586 1610 1672 1686 inde
1690 1614 1729 1685 in
1747 1637 1850 1686 orem

269 1734 493 1811 Phthiotidis
519 1739 660 1810 traiecti
686 1736 821 1811 Halum
845 1762 884 1810 se
901 1738 1093 1814 vertebant
1109 1733 1155 1809 ad
1171 1735 1467 1829 Parmenionem,
1498 1741 1561 1839 qui
1580 1734 1760 1840 oppidum
1776 1737 1850 1811 hoo

270 1861 481 1938 Thessaliae
507 1861 789 1938 circumsidebat
802 1863 906 1962 (¹⁴²),
936 1860 1069 1938 deinde
1096 1888 1165 1964 per
1182 1862 1344 1938 medium
1371 1863 1532 1938 hostium
1559 1867 1756 1939 exercitum
1779 1861 1848 1938 Pa·

269 2014 387 2093 gasas,
423 1987 584 2093 indeque
614 1989 774 2092 proiecti
803 1988 983 2064 Larissam
1014 1993 1252 2092 praemissum
1278 1968 1577 2082 caduceatorem,
1614 1994 1679 2092 qui
1705 2015 1751 2065 eo
1778 1994 1850 2063 iam

268 2132 479 2208 reverterat,
509 2132 775 2208 convenerunt,
804 2113 924 2191 donec
949 2114 1091 2190 Pellam
1118 2114 1163 2190 ad
1189 2114 1406 2219 Philippum
1433 2114 1661 2194 advenirent.
1704 2117 1749 2190 In
1777 2115 1850 2190 hoc

268 2246 398 2317 itinere
424 2240 695 2316 Demosthenes
725 2238 859 2314 fiducia
890 2246 946 2315 sui
971 2241 1135 2317 sublatus
1168 2242 1366 2317 molestum
1391 2267 1431 2316 se
1457 2243 1615 2317 faciebat
1640 2245 1769 2317 ceteris
1795 2241 1847 2315 le·

268 2371 371 2469 gatis,
402 2369 467 2469 qui
492 2392 576 2440 cum
598 2363 883 2456 considerantes,
913 2364 1002 2467 quid
1021 2367 1091 2439 sibi
1108 2369 1292 2468 aptissime
1310 2363 1506 2440 dicendum
1525 2383 1632 2456 esset,
1662 2371 1846 2456 timerent,

267 2518 316 2566 ne
341 2490 537 2594 Philippus
563 2490 801 2592 expediendis
827 2494 942 2566 causis
969 2494 1137 2593 superior
1159 2490 1340 2593 prodiret,
1369 2516 1447 2566 sese
1465 2495 1514 2565 ita
1531 2490 1741 2565 locuturum
1759 2516 1847 2565 con·

267 2616 426 2692 fidenter
451 2615 653 2708 dictitabat,
682 2614 897 2718 Philippum
923 2633 964 2689 ut
988 2620 1140 2690 tacitum
1165 2613 1350 2691 redderet.
1396 2616 1484 2691 Erat
1502 2619 1558 2693 vir
1575 2641 1735 2708 severus,
1768 2642 1846 2691 mo·

267 2767 385 2834 rosus,
415 2758 513 2817 totus
540 2744 694 2843 negotiis
721 2738 880 2832 deditus,
909 2740 1070 2844 ideoque
1097 2745 1247 2816 minime
1274 2758 1379 2845 aptus
1406 2746 1470 2844 qui
1497 2739 1762 2818 consuetudine
1784 2768 1848 2817 sua

267 2870 359 2945 alios
385 2866 597 2959 delectaret,
627 2894 710 2941 cum
736 2870 951 2970 praesertim
976 2871 1072 2942 inter
1097 2867 1257 2971 collegas
1282 2867 1352 2943 hos
1378 2885 1499 2944 essent
1521 2871 1588 2944 viri
1605 2868 1731 2943 hilaris
1748 2868 1847 2944 solu-

266 2999 370 3097 tique
387 2998 512 3086 animi,
541 3011 582 3069 ut
598 2991 840 3085 Philocrates,
868 2992 1033 3096 Phryno,
1061 2991 1330 3086 Aristodemus,
1351 3019 1445 3096 quos
1463 2993 1663 3070 Aeschines
1682 2994 1846 3096 quidem,

266 3138 399 3226 utpote
427 3124 491 3222 qui
516 3146 588 3193 una
615 3145 699 3192 cum
724 3121 767 3190 iis
793 3143 814 3189 a
839 3120 984 3191 civitate
1011 3116 1057 3189 ad
1084 3115 1229 3193 easdem
1255 3144 1312 3193 res
1334 3117 1490 3219 agendas
1508 3122 1637 3194 missus
1655 3136 1763 3212 esset,
1792 3121 1846 3193 fa·

268 3248 340 3324 cile
370 3247 467 3320 ferre
497 3257 662 3345 poterat,
698 3265 887 3343 nunquam
912 3238 1196 3316 Demosthenes.
1253 3241 1427 3318 Ceterum
1460 3258 1604 3336 teneas,
1638 3243 1731 3318 nihil
1757 3271 1846 3319 con·

270 3388 440 3476 questum
472 3393 550 3443 esse
580 3364 872 3441 Demosthenem
903 3366 997 3442 benc
1028 3393 1121 3469 quae
1155 3371 1348 3471 insignitur
1373 3364 1444 3476 περὶ
1469 3361 1584 3477 εἰρήνης
1609 3370 1844 3472 legationem,

268 3523 316 3574 ne
348 3514 429 3572 tum
461 3492 629 3596 quidem,
664 3519 748 3567 cum
779 3491 1000 3595 proditionis
1027 3490 1175 3569 eosdem
1201 3494 1339 3598 legatos
1365 3499 1404 3570 in
1431 3495 1543 3571 altera
1569 3496 1751 3599 legatione
1778 3496 1849 3606 περὶ

268 3618 332 3699 τῶν
357 3613 457 3731 ipsos
484 3625 556 3694 iam
581 3635 794 3695 accusasset.
848 3619 976 3721 Legati
1003 3618 1049 3694 ad
1074 3618 1289 3724 Philippum
1314 3625 1434 3699 vocati
1451 3622 1653 3698 secundum
1670 3641 1840 3717 aetatem,

269 3767 311 3826 ut
336 3762 557 3825 convenerat
581 3749 677 3821 inter
692 3745 776 3838 hos,
806 3743 979 3848 deinceps
995 3746 1213 3849 loquuntur.
1258 3748 1443 3852 Imprimis
1459 3749 1660 3825 Aeschines
1679 3754 1846 3825 oratione

269 4079 306 4141 roi
332 4074 469 4166 μυστήρια
489 4066 723 4155 deminorare
743 4107 784 4122 -
804 4067 952 4152 ἀπέφηναν
972 4067 1086 4140 cordae
1107 4073 1140 4137 οὗ
1162 4069 1346 4156 δεδιγμῖνους
1367 4075 1419 4140 τὰς
1440 4073 1567 4142 σπονδάς
1677 4079 1848 4142 Incidebant

269 4193 364 4241 autem
383 4178 530 4241 Eleusinia
548 4177 684 4259 mysteria
705 4176 735 4236 in
756 4175 818 4239 dies
838 4174 996 4238 Bnedrom.
1018 4176 1191 4238 m.15.24.
1213 4177 1271 4239 vid.
1294 4175 1412 4240 Corsin.
1433 4179 1467 4239 F.
1489 4180 1525 4239 Α.
1547 4179 1668 4242 tomlI.
1690 4179 1796 4261 pots.

311 4283 382 4364 (¹⁴⁰)
412 4286 498 4347 Dem.
520 4286 557 4347 de
579 4305 641 4346 cor.
662 4282 769 4364 pest.

311 4387 382 4469 (¹⁴¹)
412 4392 537 4454 Voemel
557 4392 671 4475 proleg.
692 4390 803 4472 ptus:
829 4392 1017 4476 „legatorum
1042 4391 1148 4454 horum
1174 4392 1356 4455 nobilitatem
1382 4395 1621 4458 commemoravit
1648 4394 1770 4456 Olivicr.
1792 4395 1843 4456 vit

270 4491 345 4554 Phil.
367 4489 476 4552 volll.
498 4513 527 4572 p.
535 4492 585 4551 52.
606 4494 672 4553 n.1.
695 4490 732 4552 cs.
753 4514 783 4573 p.
791 4491 840 4552 63.
862 4493 999 4554 Valcken.
1022 4505 1094 4554 orat
1116 4491 1190 4554 Phil.
1212 4493 1309 4576 pau
1322 4496 1405 4576 sqq.'’

311 4593 382 4678 (¹⁴¹)
413 4597 500 4659 Dem.
520 4620 551 4655 π.
571 4621 695 4684 παραπρ.
716 4598 813 4680 p.392
835 4599 922 4662 habet
941 4601 1169 4683 descriptionem
1189 4599 1262 4662 hanc
1283 4602 1404 4664 itineris.
1427 4634 1467 4648 -
1488 4602 1536 4662 Dc
1558 4600 1624 4660 llnli
1643 4599 1695 4661 illo
1709 4611 1844 4683 tempore

269 4697 506 4761 circumesslone
527 4695 594 4759 vide
616 4698 778 4761 Suld.'s.v.
800 4692 942 4786 Koipoevocs
968 4694 1024 4761 ιῖλε
1046 4701 1151 4780 (Phil.)
1173 4691 1204 4760 dl
1223 4693 1272 4762 nal
1292 4694 1522 4787 Kepoossio'mv,
1543 4705 1631 4786 θρᾳκ.
1651 4693 1726 4766 Bur.
1740 4727 1768 4760 κ.
1783 4696 1845 4780 pii«.

267 4795 382 4870 ’Aliam
401 4790 450 4857 sal
468 4792 621 4869 Ἃλένησον
640 4791 734 4865 ἔλαβε
754 4793 801 4859 uui
822 4790 917 4865 ἄλλοις
936 4793 1041 4871 πόλεις,
1061 4799 1136 4871 μεθ’
1158 4792 1195 4868 dc
1216 4801 1230 4861 ὅ
1250 4794 1372 4870 πόλεμος
1391 4801 1406 4861 ὅ
1427 4796 1552 4865 donando
1568 4812 1680 4871 mit,
1700 4800 1749 4864 nbi
1764 4815 1844 4866 recte

265 4893 353 4960 Ἅλον
374 4899 434 4982 legi
454 4896 516 4962 vult
536 4897 662 4961 Weiske
684 4898 721 4962 de
741 4900 862 4982 hyperb.
885 4901 923 4962 Π.
944 4902 1010 4984 p.9.
1032 4902 1096 4963 n.6.
