4636 5940
1093 385 1123 475 5

319 592 510 676 evincunt,
544 608 622 659 non
647 604 853 683 cognomen
879 577 992 671 illud,
1028 574 1129 681 quod
1157 602 1202 653 ex
1227 581 1407 683 mysteriis
1431 579 1492 655 vel
1516 583 1641 655 nescio
1667 576 1767 655 unde
1794 605 1897 657 acce·

317 718 434 817 perit,
468 737 595 786 verum
622 733 766 782 causam
792 734 857 781 cur
882 730 1089 808 cognomen
1116 710 1298 809 acceperit
1328 733 1349 780 a
1374 705 1628 781 Demosthene
1652 703 1775 780 fictam
1802 733 1893 783 esse.

231 937 235 944 Ι
316 838 451 942 Neque
477 840 588 938 magis
613 832 726 909 fidem
751 833 887 924 habeo,
917 829 1020 935 quod
1047 829 1093 907 de
1118 836 1269 907 nomine
1288 833 1472 908 Atrometi
1494 849 1635 908 mutato
1657 858 1700 908 ex
1720 832 1897 908 Tromete

316 963 430 1042 tradit
454 963 527 1062 (⁷),
561 987 630 1036 nec
657 958 703 1034 de
728 958 911 1035 Aeschine
944 962 1007 1060 qui
1039 961 1075 1033 in
1107 962 1289 1034 civitatem
1315 962 1551 1062 surrepserit;
1583 957 1622 1033 id
1650 956 1751 1061 quod
1777 964 1896 1036 incre·

307 1102 406 1195 'pare
429 1088 501 1168 illis
526 1088 756 1191 temporibus
776 1085 1063 1162 Atheniensibus
1083 1089 1261 1188 imprimis
1282 1090 1320 1161 in
1342 1102 1519 1190 promptu
1539 1102 1628 1161 erat.
1664 1085 1898 1162 Atrometum

316 1218 519 1293 litterarum
547 1214 726 1290 elementa
754 1211 935 1306 docuisse,
970 1210 1008 1287 id
1037 1211 1138 1315 quod
1166 1212 1254 1287 alias
1278 1212 1499 1316 plerumque
1529 1216 1623 1288 servi
1654 1211 1774 1286 iacere
1800 1213 1897 1288 sole·

316 1346 407 1419 bant
429 1342 503 1443 (⁸),
529 1367 682 1416 narrans
705 1338 976 1415 Demosthenes
1003 1335 1076 1446 περὶ
1094 1366 1240 1447 παραπρ.
1263 1340 1389 1442 ρ.419
1416 1336 1519 1414 addit
1543 1339 1655 1414 verba
1683 1340 1725 1416 air
1745 1333 1811 1426 ἐγὼ
1834 1339 1898 1412 τῶν

316 1459 552 1580 πρεσβυτέρων
577 1460 703 1549 duodo,
735 1460 815 1574 πρὸς
839 1466 885 1561 τῷ
910 1466 968 1540 τοῦ
985 1455 1112 1573 Ἥρωος
1136 1466 1194 1539 τοῦ
1218 1466 1329 1574 ἰατροῦ
1336 1495 1346 1538 :
1380 1462 1482 1566 quod
1510 1490 1600 1539 vero
1624 1464 1691 1539 illo
1718 1465 1804 1541 loco
1829 1463 1898 1539 du·

314 1600 420 1673 bium
453 1594 622 1697 reliquit,
658 1592 695 1668 id
729 1589 801 1701 περῖ
826 1611 925 1690 στεφ.
950 1595 1075 1695 putu
1108 1617 1179 1695 pro
1213 1608 1314 1667 certo
1346 1594 1579 1695 pronuntiat,
1614 1616 1737 1694 neque
1765 1595 1895 1684 nescit,

318 1721 416 1828 apud
437 1721 595 1825 Elpiam,
616 1723 681 1824 qui
701 1716 747 1794 ad
767 1719 903 1794 Thesei
923 1718 1103 1822 templum
1124 1718 1289 1793 scholam
1309 1717 1506 1806 habuisset,
1526 1720 1619 1793 servi
1641 1742 1792 1792 munere
1813 1742 1898 1791 eum

316 1851 483 1926 functum
508 1874 607 1942 esse;
634 1849 809 1922 nimirum
835 1844 1031 1921 duodecim
1056 1845 1133 1920 fere
1156 1849 1260 1919 annis
1280 1847 1492 1921 intermissis
1512 1848 1779 1919 accuratissime
1799 1840 1897 1918 istud

316 1992 563 2080 perscrutatus
589 1990 643 2050 est
667 1974 788 2048 bonus
814 1971 878 2048 ille
903 1971 1187 2047 Demosthenes.
1230 1969 1404 2047 Parentes
1428 1971 1620 2047 Aeschinis
1645 1987 1763 2067 aetate
1788 1967 1897 2046 ralde

315 2106 483 2208 provecti
510 2099 575 2178 01.
594 2102 721 2175 109AE
749 2106 798 2197 (a.
816 2100 922 2198 343),
958 2123 1034 2203 quo
1066 2124 1163 2174 anno
1197 2102 1403 2174 orationem
1433 2095 1504 2207 περὶ
1529 2087 1803 2207 παραπρεσβείας
1830 2095 1896 2170 ha·

315 2233 430 2306 bitam
454 2228 655 2331 Dionysius
679 2225 799 2301 Habe.
828 2224 991 2318 tradidit,
1022 2229 1220 2300 etiamtunc
1243 2229 1426 2317 vixerunt,
1454 2241 1560 2327 pater
1584 2227 1780 2326 nonaginta
1807 2249 1896 2325 qua·

315 2373 403 2431 tuor
436 2378 552 2429 annos
584 2366 704 2442 natus,
741 2367 858 2424 mater
889 2353 1081 2424 minimum
1115 2354 1388 2451 septuagenaria
1419 2350 1531 2423 fuerit
1561 2373 1707 2422 necesse
1740 2365 1794 2421 est
1819 2351 1836 2443 (
1864 2353 1892 2440 ).

315 2479 462 2557 Patrem
483 2502 580 2554 anno
599 2492 687 2579 post
706 2492 893 2554 mortuum
911 2474 1076 2556 ridemus
1097 2500 1118 2553 e
1138 2473 1225 2552 loco
1244 2473 1434 2551 Aeschinis
1455 2466 1544 2547 κατὰ
1556 2484 1698 2569 Κτησιφ.
1713 2474 1822 2574 ρ.81.
1835 2474 1895 2546 21.

1057 2704 1151 2808 §.a

456 2860 566 2935 Hisce
596 2882 686 2934 vero
720 2857 931 2961 parentibus
964 2882 1041 2959 quo
1073 2881 1172 2931 anno
1201 2872 1306 2932 natus
1331 2860 1378 2932 sit
1401 2857 1621 2949 Aeschines,
1658 2882 1702 2931 ex
1729 2860 1896 2933 oratione

315 2993 391 3064 eius
417 2984 588 3062 adversus
614 2980 852 3059 Timarchum
882 2985 1042 3086 perspici
1069 2999 1193 3085 potest
1220 2987 1276 3084 (p.
1290 2988 1322 3062 7.
1339 2981 1446 3081 fin.):
1485 2975 1573 3058 ἔστιν
1598 2985 1671 3074 ἡμῖν
1697 2979 1786 3057 τουτὶ
1811 2977 1896 3074 πέμ-

315 3142 396 3188 πτον
423 3109 477 3187 καὶ
502 3104 765 3219 τετταρακοστὸν
790 3103 871 3183 ἔτος.
913 3107 1058 3207 Nempe
1084 3106 1288 3207 significant
1312 3106 1447 3182 haecce
1472 3111 1584 3182 rerba
1609 3109 1702 3181 nihil
1726 3112 1795 3182 nisi
1820 3108 1895 3183 Ae·

314 3239 479 3316 schinem
504 3253 593 3311 tunc
620 3231 934 3335 quadragesimum
961 3246 1132 3333 quartum
1157 3232 1362 3305 excessisse.
1411 3229 1517 3325 Quae
1544 3236 1662 3308 oratio
1690 3260 1773 3307 cum
1797 3259 1895 3308 anno

314 3366 390 3439 344
416 3376 572 3436 exeunte
597 3357 658 3434 vel
683 3359 833 3433 ineunte
861 3357 935 3430 343
961 3382 995 3431 a.
1018 3355 1109 3462 Chr.
1133 3383 1172 3432 n.
1203 3360 1278 3433 sire
1304 3354 1368 3433 Ol.
1394 3359 1480 3451 109,
1507 3363 1524 3432 1
1552 3357 1676 3434 habita
1703 3362 1761 3452 sit,
1793 3358 1895 3463 quod

314 3489 409 3564 infra
432 3486 601 3590 pluribus
627 3483 972 3576 demonstrabimus,
1008 3508 1053 3558 eo
1079 3509 1149 3559 nos
1175 3481 1355 3578 ducimur,
1387 3502 1429 3561 ut
1454 3512 1589 3562 annum
1614 3485 1805 3563 Aeschinis
1830 3514 1894 3562 na·

355 3737 406 3819 (⁷)
439 3731 500 3824 περὶ
521 3751 607 3816 στεφ.
628 3734 772 3820 putot.
798 3736 832 3795 In
854 3748 928 3797 orat.
949 3760 980 3795 π.
1001 3759 1126 3822 παραπρ.
1147 3736 1214 3798 huic
1235 3757 1296 3798 non
1316 3748 1425 3800 tantum
1447 3760 1508 3801 non
1529 3739 1685 3815 maledicit,
1706 3739 1758 3800 sed
1778 3761 1816 3802 ne
1837 3761 1893 3802 no·

314 3860 382 3903 men
403 3840 520 3922 quidem
540 3837 688 3900 Trometis
709 3847 931 3909 commemorat;
955 3837 1045 3898 immo
1066 3836 1405 3920 potimibip.431fin.
1426 3839 1512 3901 dicit:
1533 3837 1581 3899 τὸν
1602 3831 1634 3898 δὲ
1652 3831 1822 3925 Ἀτρομήτου
1842 3842 1895 3899 τοῦ

313 3942 530 4028 γραμματιστοῦ
549 3929 597 3997 καὶ
617 3930 809 4001 Γλαυκοθέας
827 3941 879 4009 τῆς
898 3932 964 3999 σούς
984 3929 1112 4002 θιάσους
1132 3932 1324 4018 συναγούσης.
1365 3939 1540 4021 Apollonius
1560 3942 1592 4001 in
1612 3941 1670 4003 vita
1688 3938 1793 4003 Aesch.
1816 3939 1895 4002 idem

314 4041 351 4104 de
373 4041 523 4104 Trometis
543 4059 622 4100 nom.
644 4038 869 4100 commutatione
889 4036 1020 4100 reserens
1039 4060 1127 4099 unum
1147 4039 1233 4101 Dent.
1255 4041 1384 4121 sequitur
1405 4053 1528 4121 propter
1548 4041 1621 4102 illud
1642 4036 1726 4120 φασί.

355 4157 405 4239 (⁸)
435 4157 564 4221 Roeckb.
587 4156 701 4219 Oecon.
722 4155 829 4218 Athen.
850 4156 874 4216 Ι.
896 4155 1006 4238 ptus:
1033 4157 1141 4232 „Nach
1169 4158 1235 4219 dem
1255 4157 1359 4240 Peiop.
1380 4158 1490 4242 Kriege
1516 4160 1641 4222 muirten
1661 4159 1750 4222 seibst
1768 4161 1894 4245 Biirger,

313 4259 427 4321 welche
448 4259 500 4320 aui
516 4258 612 4320 ciuem
633 4256 747 4318 bahem
761 4256 848 4319 Fuise
868 4279 904 4317 zu
926 4255 1011 4319 leben
1032 4256 1173 4340 gewobnt
1192 4279 1303 4336 waren,
1323 4281 1357 4322 so
1378 4260 1455 4322 risle
1470 4249 1695 4344 Uberwindung
1716 4282 1747 4322 es
1767 4263 1890 4337 hostete,

315 4357 408 4418 durch
429 4357 565 4442 Taglohn
586 4358 660 4420 oder
681 4357 733 4418 ans
749 4358 837 4418 andrc
858 4356 915 4418 Art
935 4358 988 4418 mit
1008 4357 1088 4420 ihrer
1106 4357 1210 4420 Hinde
1223 4357 1330 4421 Arbeit
1349 4360 1410 4422 sich
1433 4360 1587 4438 ernihrem
1607 4363 1677 4424 weii
1692 4361 1734 4422 sie
1748 4360 1812 4421 ihre
1826 4382 1891 4421 aus·

314 4458 459 4541 winigen
478 4457 661 4521 Lindereien
681 4458 819 4520 verioren
840 4456 955 4534 hatten,
979 4479 1086 4543 wegen
1113 4458 1163 4519 des
1184 4457 1392 4545 Gcidmangels
1413 4461 1473 4522 und
1495 4461 1548 4524 der
1567 4462 1725 4546 geringem
1745 4460 1890 4522 Bardike·

314 4580 390 4720 lr1u117g
402 4556 610 4737 ἕρπ”Μίςὼςιι
630 4560 777 4642 gesnnken
797 4557 856 4620 und
876 4558 1021 4622 Anieihen
1041 4558 1122 4622 nicht
1141 4582 1178 4621 zu
1199 4559 1328 4624 erhalten
1349 4582 1458 4624 waren.
1491 4560 1639 4642 (Xenoph.
1661 4580 1782 4622 memor.
1804 4560 1890 4623 ὅσον.

386 4703 395 4735 ,
423 4702 456 4717 ..

354 4773 405 4854 (⁹)
436 4774 541 4838 Aesch.
563 4767 624 4862 trapi
638 4771 744 4862 πρεσβ.
766 4777 895 4860 p.47sq.
918 4810 958 4826 -
978 4779 996 4851 ἦ
1017 4769 1065 4850 μὲν
1086 4777 1134 4851 ἐμὴ
1157 4774 1242 4868 μήτηρ
1263 4776 1357 4861 ἔφυγε
1378 4779 1449 4852 und
1469 4783 1521 4842 τοῦ
1541 4777 1630 4853 vetitis
1649 4777 1751 4867 ἅνδρός
1772 4773 1815 4841 ἐπὶ
1835 4785 1891 4841 τοῖν

313 4870 462 4965 τριάκοντα
483 4877 522 4941 εἰς
541 4868 692 4962 Κέρννθον,
712 4878 791 4959 quod
813 4878 919 4942 iscmm
939 4880 1104 4944 verosimile
1126 4894 1171 4944 est
1190 4881 1240 4944 01.
1255 4881 1345 4943 94.1.
