4636 5940
1066 356 1095 443 2
1193 440 1198 449 ,

292 551 488 653 (Quinctil.
509 553 621 624 instit.
643 564 737 623 orat.
757 545 845 622 XII.
866 549 900 622 1.
920 547 1041 650 §.3.).
1091 543 1188 620 Nam
1214 549 1278 647 qui
1302 543 1340 619 id
1362 564 1510 622 censent
1529 552 1599 651 ipsi
1619 575 1657 624 se
1677 552 1866 644 refellunt,

291 707 375 756 cum
395 675 629 767 Aeschinem,
654 673 894 780 Hyperidem,
917 671 1123 748 Demadem
1143 672 1323 774 aliosque,
1354 699 1448 773 quos
1468 674 1669 750 secundum
1690 677 1870 780 eloquen-

291 809 362 905 tiae
386 804 510 878 locum
536 819 661 878 tenere
686 800 920 904 profitentur,
948 799 1117 874 homines
1136 802 1369 902 pravissimos
1390 802 1594 874 nominant.
1630 802 1691 876 An
1711 821 1870 881 statuere

289 935 349 1008 isti
371 931 505 1022 velint,
539 945 704 1004 veterum
735 942 941 1018 oratorum,
978 929 1042 1028 qui
1074 924 1121 999 de
1147 928 1357 1027 principatu
1381 951 1454 998 una
1481 925 1768 1023 contenderunt,
1805 958 1869 1007 eos

291 1083 368 1133 esse
391 1057 687 1160 praestantiores,
719 1069 857 1154 quanto
883 1057 1017 1128 virtute
1043 1052 1141 1128 civili
1166 1050 1453 1153 praestitissent?
1492 1050 1572 1126 Nec
1600 1049 1871 1146 Quinctilianus

290 1181 398 1281 (ibid.
423 1184 460 1284 ς.
476 1180 555 1278 15.)
583 1177 761 1254 Cicerove
791 1204 861 1253 nec
893 1183 957 1280 qui
989 1176 1036 1251 de
1061 1181 1134 1255 vita
1158 1176 1421 1252 Demosthenis
1448 1196 1696 1280 exposuerunt
1720 1181 1780 1255 vel
1806 1189 1872 1284 qui

289 1307 483 1410 singularia
509 1303 689 1408 quaedam
715 1290 916 1380 attulimus
936 1303 1005 1378 alia
1024 1319 1184 1406 agentes,
1214 1306 1298 1378 satis
1317 1306 1486 1407 apposite
1507 1302 1553 1379 ad
1574 1304 1871 1408 persuadendum

282 1423 461 1512 'excusare
486 1432 692 1525 valuerunt,
723 1457 818 1534 quac
842 1430 1077 1522 Idomeneus,
1109 1430 1319 1506 Demetrius
1344 1427 1546 1506 Phalereus
1571 1432 1706 1535 aliique
1732 1437 1772 1508 in
1795 1438 1870 1512 vita

287 1560 489 1653 Plutarchi,
517 1558 577 1635 vel
596 1558 788 1664 Polybius,
819 1563 883 1663 qui
909 1559 1139 1662 temporibus
1159 1555 1422 1632 Demosthenis
1446 1562 1606 1660 proximi
1627 1563 1804 1655 vixerant,
1834 1566 1870 1638 ei

290 1675 570 1791 exprobrarunt.

432 1811 527 1908 Quia
562 1816 660 1887 enim
678 1809 955 1907 Demosthenis
993 1837 1087 1915 quae
1124 1837 1313 1914 nunquam
1352 1814 1506 1915 quiescit
1538 1815 1671 1887 mentis
1702 1819 1867 1916 agitatio·

289 1965 375 2018 nem
399 1937 577 2030 videmus,
613 1937 837 2042 assiduisque
868 1938 1058 2013 laboribus
1085 1953 1318 2041 occupatum,
1351 1954 1394 2012 ut
1420 1964 1533 2014 novas
1558 1940 1719 2015 rationes
1745 1944 1868 2044 inqui·

288 2083 403 2157 reret,
439 2065 573 2168 quibus
604 2068 701 2141 cives
731 2092 817 2141 suos
845 2089 866 2139 e
891 2081 1043 2141 veterno
1070 2068 1305 2140 exsuscitaret
1331 2081 1370 2140 et
1393 2068 1579 2167 instigaret
1603 2064 1649 2140 ad
1676 2067 1869 2143 nitendum

290 2218 429 2268 summa
462 2216 553 2294 ope,
590 2218 636 2266 ne
671 2190 760 2294 quid
794 2189 1004 2267 detrimenti
1037 2216 1058 2266 c
1088 2189 1227 2266 desidia
1262 2216 1390 2266 eorum
1422 2191 1647 2295 reipublicae
1679 2199 1866 2290 eveniret;

288 2335 416 2395 contra
440 2343 530 2394 vero
555 2317 777 2392 Aeschinem
809 2322 905 2393 cires
934 2333 1128 2419 paeantem
1155 2343 1196 2393 ac
1222 2332 1453 2408 monentem,
1488 2342 1537 2392 ne
1561 2342 1700 2393 novum
1725 2321 1868 2396 bellum

287 2448 484 2522 subeuntes
520 2469 671 2546 prorsus
704 2443 971 2546 rempublicam
1006 2459 1230 2536 everterent,
1272 2468 1359 2546 ergo
1395 2441 1554 2519 desidiae
1587 2444 1868 2521 Atheniensium

235 2566 242 2594 l
287 2573 595 2675 patrocinantem:
620 2567 890 2642 Demosthenes
909 2571 1063 2660 animos,
1085 2593 1262 2659 amorem,
1284 2572 1374 2669 quin
1392 2570 1568 2669 pietatem
1585 2570 1742 2672 amplius
1758 2599 1868 2674 quam

286 2693 488 2769 Aeschines
507 2697 617 2796 capit,
646 2708 903 2795 praeterquam
929 2690 1031 2795 quod
1057 2696 1192 2794 ingenii
1215 2694 1353 2768 viribus
1378 2707 1417 2767 et
1439 2692 1619 2796 loquendi
1639 2713 1716 2770 arte
1738 2722 1866 2774 omnes
1989 2690 1992 2695 ’

286 2823 483 2923 ipsumque
507 2819 730 2894 Aeschinem
755 2818 944 2920 relinquit.
986 2817 1083 2894 Sunt
1107 2820 1199 2893 haec
1223 2845 1289 2893 cur
1313 2817 1480 2894 rhetores
1505 2824 1674 2914 seriores,
1704 2827 1767 2925 qui
1788 2824 1867 2900 De-

286 2942 489 3022 mdsthenis
514 2944 727 3049 eloquentia
752 2943 886 3020 eruditi
909 2970 1036 3020 omnes
1060 2950 1183 3020 omnia
1206 2944 1293 3021 huie
1316 2942 1466 3038 debent,
1495 2950 1535 3020 in
1554 2950 1666 3023 verba
1688 2954 1866 3053 magistri,

286 3089 329 3149 ut
353 3076 403 3148 ita
429 3071 560 3165 dicam,
597 3060 809 3165 iuraveflnt,
844 3087 955 3176 atque
980 3076 1019 3148 in
1046 3099 1088 3148 ea
1114 3098 1208 3175 quae
1234 3075 1273 3146 in
1298 3075 1487 3147 inimicum
1511 3072 1611 3148 fecit.
1658 3060 1751 3151 Inde
1775 3104 1865 3180 pro·

287 3199 435 3275 dierunt
460 3202 548 3275 istae
569 3203 862 3302 comparationes
881 3199 1143 3276 Demosthenis
1167 3215 1204 3274 et
1222 3198 1414 3273 Aeschinis
1440 3196 1664 3309 (συγκρίσεις)
1686 3203 1864 3279 Libanio-
1901 3204 1907 3216 '

286 3353 381 3417 rum,
410 3325 663 3417 Nicolaorum,
691 3325 861 3424 aliorum,
890 3328 927 3398 in
954 3329 1088 3427 quibus
1112 3325 1208 3398 fama
1233 3323 1403 3424 factaque
1423 3324 1613 3403 Aeschinis
1639 3332 1747 3404 nimis
1774 3356 1863 3406 con-

285 3453 381 3529 fecta
407 3467 493 3526 sunt
515 3450 591 3549 (³).
636 3449 813 3525 Nostrum
846 3453 956 3551 igitur
988 3455 1075 3542 erit,
1112 3465 1154 3524 ut
1185 3451 1307 3523 mitius
1340 3452 1370 3523 si
1400 3449 1497 3524 forte
1527 3450 1575 3524 de
1606 3478 1651 3527 eo
1684 3455 1867 3531 iudicetur

285 3576 446 3656 studere.
540 3620 543 3625 ·

425 3703 545 3779 Huius
574 3706 684 3806 igitur
714 3704 869 3778 instituti
899 3705 964 3804 qui
995 3703 1105 3779 uobis
1131 3703 1318 3777 materiam
1341 3703 1542 3805 praebeant
1567 3701 1661 3778 duos
1687 3703 1865 3780 habemus

285 3833 425 3925 fontes,
461 3832 616 3907 alterum
651 3831 717 3933 qui
748 3854 793 3903 ex
822 3832 935 3932 ipsius
966 3845 1154 3905 oratorum
1186 3832 1284 3932 paris
1316 3830 1542 3904 orationibus
1573 3829 1672 3924 fluit,
1708 3831 1862 3908 alterum

284 3984 431 4064 parcam
465 3956 615 4059 quidem
645 3954 710 4032 sed
742 3959 781 4031 in
809 3956 953 4059 reliqua
983 3958 1136 4059 penuria
1166 3958 1286 4058 magni
1313 3953 1518 4030 faciendam
1544 3961 1863 4060 grammaticorum

286 4101 324 4160 et
354 4082 545 4158 rhetorum
577 4082 856 4185 supellectilem.
906 4083 1050 4159 Horum
1081 4085 1288 4186 principem
1319 4085 1397 4156 sine
1429 4080 1544 4158 dubio
1578 4084 1702 4158 locum
1734 4101 1862 4162 tenere

285 4208 431 4288 videtur
455 4206 697 4283 Philostratus
727 4212 767 4283 in
794 4212 869 4286 vita
900 4208 1145 4313 sophistarum
1168 4207 1390 4284 Aeschinem
1419 4225 1594 4303 tractans,
1627 4215 1687 4285 cui
1714 4229 1752 4288 et
1776 4213 1860 4317 plu·

284 4341 374 4412 rima
395 4334 572 4410 debemus
592 4360 714 4436 neque
736 4360 781 4409 ex
801 4333 932 4411 iisdem
953 4334 1061 4411 ducta
1080 4337 1219 4428 rivulis,
1247 4333 1346 4410 unde
1365 4335 1500 4439 reliqui
1518 4334 1728 4415 hauserunt.
1759 4339 1860 4435 Qua-

284 4463 340 4538 les
366 4478 451 4538 sunt
473 4460 646 4553 Photius,
682 4464 745 4563 qui
775 4465 814 4536 in
844 4461 1072 4538 bibliotheca
1097 4460 1182 4538 cod.
1200 4463 1275 4537 264
1302 4460 1431 4538 iisdem
1459 4461 1537 4537 fere
1562 4466 1684 4540 verbis
1709 4465 1859 4542 eodem·

266 4766 276 4787 ·
325 4741 378 4825 (³)
407 4743 499 4807 Erant
519 4745 743 4809 declamationes
762 4743 794 4809 in
814 4743 921 4807 scholis
941 4744 1099 4809 habendae.
1131 4744 1208 4807 tide
1230 4743 1267 4805 de
1286 4737 1417 4815 μελέταις
1435 4742 1586 4811 rhetorum
1599 4745 1701 4808 Wolf.
1719 4745 1807 4826 proli.
1828 4745 1859 4805 in

284 4855 359 4908 orat
380 4842 496 4926 Leptin.
510 4859 637 4926 ρων.
660 4859 690 4908 et
710 4840 781 4910 alios
802 4865 847 4928 ap.
862 4846 1030 4909 Weiskium
1051 4846 1070 4907 l.
1082 4845 1137 4906 tt
1151 4866 1181 4927 p.
1189 4843 1239 4906 51.
1254 4845 1360 4907 ntae.
