4636 5940
898 405 1108 496 ιιι
1296 364 1431 435 ”

155 615 159 621 ’
291 625 366 677 non
395 600 577 701 accepisse
602 595 778 699 gloriatur
802 621 839 669 r.
864 622 1012 704 παραπρ.
1037 597 1293 698 ρ.394.405);
1322 615 1449 702 captos
1472 624 1512 675 se
1537 604 1615 679 sine
1639 605 1762 704 pretio
1787 601 1870 683 red·

291 726 453 830 diturum
473 750 552 802 esse
572 722 771 826 pollicetur
789 723 890 799 festis
911 722 1041 799 diebus
1062 721 1327 801 Panathenaeis
1340 729 1445 826 (¹⁸¹),
1475 731 1623 831 opinor,
1641 743 1692 823 ,ut
1710 755 1797 807 oum
1811 752 1870 809 re-

289 855 465 958 ligionem
489 849 681 955 quandam·
695 854 838 927 muneri
864 876 933 926 suo
958 850 1103 927 liberali
1127 856 1317 946 insereret,
1345 869 1438 946 tum,
1467 857 1562 931 siem
1585 859 1642 932 vir
1667 871 1745 933 erat
1769 861 1870 933 omni

288 986 361 1059 vita
387 998 425 1057 et
448 983 547 1056 victu
567 976 765 1081 expolitus,
793 994 838 1054 ut
857 982 1021 1082 ipsorum
1041 977 1323 1056 Atheniensium
1343 980 1569 1057 solemnibus
1590 986 1870 1060 attentissimum

288 1135 327 1186 se
352 1109 561 1214 praeberet,
590 1131 675 1181 cum
699 1109 915 1210 praesertim
935 1131 1062 1208 magna
1083 1122 1172 1181 tunc
1195 1107 1470 1185 celebrarentur
1488 1105 1756 1186 Panathenaea.
1793 1111 1867 1186 Ha·

287 1240 417 1313 bemus
443 1237 543 1310 enim
568 1231 702 1308 haecce
726 1231 981 1309 Panathenaea
1005 1237 1093 1307 anni
1113 1237 1212 1309 tertii
1233 1231 1297 1310 Ol.
1317 1237 1390 1309 108
1407 1234 1597 1312 Archonte
1618 1234 1767 1328 Archia3
1795 1253 1868 1314 ter·

286 1369 340 1440 tio
366 1378 489 1439 autem
517 1385 669 1463 quoque
693 1358 955 1465 Olympiadum
981 1384 1079 1435 anno
1104 1385 1235 1463 magna
1259 1360 1371 1437 fuisse
1395 1359 1663 1454 Panathenaea,
1693 1389 1738 1438 ex
1759 1361 1870 1466 Lysia

287 1489 548 1586 constatl¹⁸²),
579 1512 696 1590 eaque
721 1511 848 1575 mense
872 1486 1198 1563 Hecatombaeone
1222 1488 1424 1580 celebrato,
1460 1486 1520 1565 die
1551 1486 1659 1565 huim
1687 1492 1736 1565 28
1761 1512 1869 1567 raro·

288 1615 472 1693 simillime
492 1617 596 1711 (¹⁸³),
632 1618 682 1690 ita
713 1630 757 1690 ut
787 1617 906 1690 minus
938 1613 1013 1689 duo
1044 1639 1188 1691 menses
1212 1615 1423 1691 liberationi
1449 1620 1684 1718 ¹captivorum
1710 1620 1865 1692 interce·

289 1742 432 1819 derent.
1220 1792 1223 1803 ·

426 1865 547 1944 Porro
573 1865 621 1944 de
646 1867 798 1972 singulis
824 1872 889 1972 qui
913 1866 959 1942 ad
985 1894 1116 1973 pacem
1141 1866 1349 1972 foedusque
1372 1873 1600 1974 pertinerent
1622 1872 1868 1946 accuratiusa

286 1992 463 2100 Philippo
490 1998 731 2072 constitutum
754 2012 822 2088 est,
851 2021 871 2070 a
897 1995 1024 2099 legatis
1050 1996 1337 2072 Atheniensibus
1364 1994 1641 2088 confirmatum,
1677 1999 1707 2070 si
1733 1996 1794 2071 alii
1819 1995 1866 2072 ad

286 2121 554 2226 recuperandas
579 2121 661 2199 illas
687 2121 778 2198 olim
802 2121 1084 2199 Atheniensium
1101 2128 1353 2228 possessiones
1370 2121 1543 2201 adiuvare
1560 2122 1713 2217 vellent,
1741 2140 1783 2198 ut
1800 2126 1870 2226 ipsi

285 2251 532 2326 Athenienses
562 2246 632 2323 hos
665 2265 833 2324 arcerent
863 2248 1062 2351 hostesque
1086 2250 1268 2326 haberent
1293 2249 1433 2347 (Deme
1455 2279 1492 2324 π.
1519 2277 1666 2356 superq.
1691 2251 1866 2351 p.385.).

288 2371 581 2451 concedendum
594 2398 731 2477 nempe
753 2371 790 2447 id
804 2390 882 2449 erat
894 2376 940 2449 ab
953 2373 1256 2468 Atheniensibus,
1279 2379 1309 2451 si
1327 2373 1459 2450 foedus
1478 2378 1571 2450 inire
1589 2374 1740 2451 vellent.
1769 2372 1869 2449 Pho·

286 2526 426 2592 censes,
454 2499 668 2592 Haleenses,
698 2498 961 2603 Cersobleptes
986 2517 1087 2577 extra
1112 2500 1246 2577 foedus
1271 2517 1451 2604 pactaque
1474 2498 1649 2576 declarati
1669 2516 1766 2575 sunt.
1802 2498 1868 2575 Ni·

286 2632 420 2702 mirum
445 2623 656 2700 Phocenses
680 2651 758 2699 non
786 2642 981 2728 exceptum
1006 2631 1052 2700 iri
1077 2653 1098 2700 a
1123 2652 1209 2729 rege
1229 2631 1302 2701 iam
1321 2626 1516 2729 Antipater
1535 2625 1692 2703 Athenis
1711 2624 1867 2718 dixerat3

285 2753 401 2828 Halus
428 2748 608 2855 oppidum
634 2750 846 2826 Thessaliae
871 2768 950 2827 tum
975 2768 1038 2827 aut
1065 2754 1347 2856 oppugnabatur
1371 2778 1391 2827 a
1416 2751 1595 2856 Philippo
1622 2769 1685 2829 sut
1704 2758 1776 2829 iam
1793 2771 1870 2829 erat

286 2895 509 2984 expugnata3
538 2876 802 2982 Cersobleptes
825 2881 943 2955 uetus
968 2883 1041 2954 iam
1065 2881 1116 2953 25
1133 2878 1424 2982 Elaphebolion.
1444 2882 1483 2954 in
1503 2882 1699 2983 imperium
1718 2877 1868 2982 quidem

285 3004 485 3098 restitutus,
514 3021 678 3081 tamena
699 3003 877 3109 Philippo
902 3004 1102 3109 pendebat,
1131 3010 1284 3107 eiusque
1309 3005 1406 3081 filius
1433 3009 1631 3082 etiamtunc
1651 3008 1760 3083 obses
1781 3004 1866 3083 Pel·
1967 3073 1968 3076 ,

286 3134 343 3210 lae
370 3130 469 3236 apud
491 3131 708 3233 Philippum
735 3155 755 3202 a
780 3130 908 3231 legatis
932 3144 1155 3231 conspectus
1181 3145 1272 3204 erat.
1286 3131 1379 3227 (¹⁸⁴)
1424 3130 1669 3234 ¹Amphipolis
1698 3134 1866 3208 uomina·

286 3264 352 3335 tim
377 3256 555 3360 Philippo
582 3257 629 3330 ab
647 3253 935 3330 Atheniensibus
960 3279 1133 3330 concessa
1149 3258 1191 3330 in
1209 3257 1325 3358 pactis
1345 3255 1529 3331 scribitur.
1546 3257 1637 3355 (¹⁸⁵)
1677 3256 1865 3349 Cardiani,

328 3544 399 3626 (¹⁸¹)
430 3543 642 3608 Demosthenes
674 3544 693 3605 Ι.
711 3564 736 3606 c.
762 3543 820 3606 hor
847 3542 976 3628 Philippi
1006 3546 1179 3627 promissum
1207 3564 1272 3607 enm
1298 3544 1422 3626 pecunia
1448 3544 1551 3630 legatis
1579 3545 1683 3610 donata
1710 3566 1867 3609 comerent

285 3661 386 3730 aperte
406 3646 553 3709 mentitur.
1084 3694 1087 3699 .

328 3761 399 3846 (ΙΙΙ)
429 3765 497 3847 Lys.
518 3761 605 3826 esst
622 3759 723 3850 δωροδ.
748 3764 944 3846 posserius
962 3764 1091 3831 Bceckh.
1113 3762 1502 3846 oecon.ltth.11.p.165.
1547 3765 1640 3830 Erus
1659 3766 1745 3831 etiam
1765 3767 1868 3829 eadem

286 3866 462 3933 solemniora
488 3887 524 3929 ex
548 3865 604 3926 alia
629 3886 662 3928 re
689 3886 773 3948 qnam
799 3864 887 3929 tradit
911 3866 1044 3955 Thacyd.
1059 3868 1096 3927 V.
1118 3864 1200 3931 cti:
1227 3863 1382 3959 veniebant
1395 3865 1480 3961 'euim
1500 3886 1535 3928 ea
1559 3879 1646 3950 pacto
1674 3867 1762 3951 legati
1783 3866 1867 3955 Argo

285 3967 371 4030 Elide
392 3965 538 4027 Mantinea
559 3977 693 4048 tempore
714 3987 885 4054 negatorum
905 3966 1171 4033 Panathenaeorum
1192 3966 1335 4043 Athenas,
1356 3979 1388 4027 ιιι
1408 3966 1504 4029 denuo
1525 3965 1570 4028 his
1591 3965 1671 4029 iestis
1693 3966 1794 4031 diebus
1815 3989 1866 4050 pa·

287 4070 327 4130 cis
350 4065 533 4147 foederisque
555 4065 632 4129 inter
652 4067 731 4150 ipsos
752 4079 783 4130 et
802 4065 993 4129 Athenienses
1014 4078 1221 4131 sacramentnm
1243 4066 1339 4128 dando
1361 4078 1391 4129 et
1412 4065 1583 4148 accipiendo
1605 4081 1789 4130 renovarent

329 4183 399 4264 (¹⁸³)
429 4185 491 4246 vid.
511 4183 633 4248 Gorsini
652 4185 687 4246 F.
709 4185 746 4246 A.
767 4197 839 4248 tom.
850 4186 889 4246 11.
910 4183 1016 4268 post.
1052 4186 1170 4270 Sequor
1191 4186 1268 4249 enim
1288 4183 1468 4249 boechbimn
1489 4185 1508 4246 Ι.
1519 4186 1541 4246 Ι.
1562 4184 1600 4246 u
1622 4184 1723 4267 pust
1745 4204 1865 4249 censeo·

287 4297 362 4359 ua,
387 4286 500 4347 maon
525 4285 725 4349 anamma
749 4288 855 4370 promi
881 4286 971 4350 auso
987 4288 1034 4349 ra
1057 4270 1398 4350 inhonoratione
1423 4307 1486 4350 aa
1512 4286 1616 4368 qum.
1637 4305 1739 4371 mgna
1761 4301 1865 4352 suns

289 4386 388 4463 Quare
409 4405 470 4446 non
490 4400 573 4448 vexat
592 4409 646 4450 nos
667 4387 724 4450 hoc
746 4388 814 4450 loco
836 4387 1043 4465 controversia,
1064 4410 1132 4449 num
1153 4389 1265 4451 minora
1287 4389 1392 4450 eodem
1413 4409 1511 4450 mense
1526 4386 1698 4449 Hecatomb.
1720 4386 1765 4466 (id
1787 4387 1866 4468 quod

287 4488 390 4551 volunt
415 4485 526 4548 Petitur
553 4487 629 4572 legg.
657 4488 718 4550 Att
746 4511 774 4571 p.
782 4487 888 4550 87-92
916 4489 962 4551 ed.
982 4490 1084 4551 Wess.
1107 4487 1223 4552 Corsis.
1250 4489 1270 4548 Ι.
1283 4489 1302 4549 Ι.
1330 4490 1376 4550 cui
1398 4489 1551 4551 assentitur
1570 4483 1732 4549 Boeclhius
1753 4487 1772 4547 Ι.
1786 4487 1804 4546 Ι.
1827 4485 1866 4548 ιΙ.

288 4585 381 4671 Corp.
402 4587 493 4649 Inscr.
514 4586 538 4646 t
559 4588 665 4668 p.117.
688 4589 726 4651 0.
742 4589 862 4651 Miller:
889 4611 947 4671 qno
973 4591 1039 4651 anni
1064 4600 1197 4671 tempore
1219 4588 1417 4651 Panathenaea
1438 4589 1550 4653 minora
1571 4583 1716 4649 celebrata
1737 4586 1809 4664 sint,
1835 4587 1866 4648 in

287 4686 390 4768 philol.
405 4689 479 4750 Mus.
499 4686 538 4747 lt
558 4688 768 4770 {tw-235.)
789 4708 825 4751 an
845 4710 944 4753 mense
966 4690 1165 4774 Thargeliooe
1186 4701 1248 4754 aen
1269 4691 1339 4756 tint'
1351 4689 1508 4766 atamen
1527 4699 1559 4751 et
1578 4684 1700 4751 Clintoa
1720 4687 1753 4749 F.
1765 4687 1804 4749 ΙΙ.
1826 4687 1864 4748 Π.

288 4788 510 4873 posthae).
663 4785 735 4870 (¹⁸⁴)
765 4789 804 4853 A.
824 4784 931 4878 apreli.
952 4791 1091 4873 poten.
1142 4832 1145 4840 ·
1187 4819 1212 4835 ·=
1257 4830 1260 4835 ·
1378 4848 1382 4867 ς
1497 4858 1500 4865 .
1532 4822 1537 4829 ·

330 4902 402 4986 (ΙΙΙ)
433 4905 470 4969 de
491 4906 618 4971 Halonn.
639 4906 781 4989 pstea.
803 4908 843 4972 ei.
863 4909 1043 4991 spissbhit
1065 4909 1219 4992 pibbae
1278 4919 1337 4973 [γ’
1511 4946 1514 4952 ,
1556 4944 1561 4957 ·
1698 4922 1725 4969 ζ.
