4636 5940
2000 40 2040 61 Ἢ

370 315 375 323 .
958 296 961 303 ,
1506 180 1887 387 πεφ-
1800 208 1917 277 Ur.
2064 114 2150 215 ⁴

135 328 423 555 *MP*
781 386 786 395 Ι
861 416 893 473 ‘²'
1053 356 1111 487 ⁸2
1200 410 1206 423 ’
1545 400 1592 495 ⁸*
1679 260 1957 501 lh*
1984 424 2144 517 ιδ

112 670 120 685 Ι
233 634 236 639 -
291 593 414 683 stheni
431 558 507 667 luo
531 595 718 696 permisit,
747 616 970 695 quamquam
991 588 1193 667 Aeschines
1219 618 1303 667 cum
1324 590 1506 698 Pythocle
1527 592 1758 675 Demosheni
1783 596 1945 685 oliab:
1937 514 2025 723 ,ζ’
2052 608 2099 675 ⁹

99 710 134 831 .'.'
293 723 513 797 micusimo
545 744 630 795 eum
661 717 857 793 multifarie
889 744 1042 821 arguens
1073 722 1181 822 eique
1211 719 1433 796 maledicens
1458 721 1532 797 hoc
1558 750 1702 801 summo
1707 725 1875 802 honore
1951 782 1968 821 „
2075 798 2096 833 .-

25 932 30 941 ,
181 808 222 885 ’
291 846 493 952 pnhihere
519 863 671 941 conatus
698 862 753 921 est
778 845 908 945 (Dem.
930 843 1072 920 decor.
1093 848 1247 948 pmdhl)
1289 845 1472 950 Pergebat
1495 849 1767 930 Demosthenes
1794 880 1873 956 gra·
2052 768 2150 915 *m

133 964 139 975 ’
187 1030 218 1079 ,3
291 980 342 1051 tia
366 975 498 1078 populi
525 974 656 1051 fruens
666 998 726 1049 res
742 972 909 1076 publicas
926 971 1191 1048 administrare.
1220 972 1366 1049 Eodem
1383 1000 1481 1049 anno
1499 993 1654 1052 exeunte
1674 982 1738 1079 (28
1755 981 1901 1061 Thar-
1931 940 1984 1073 ἧς
2105 1022 2150 1061 -o

159 1086 179 1169 .'
250 1182 256 1197 .
293 1101 463 1206 gelionis)
486 1100 607 1204 legem
632 1100 717 1177 tulit
743 1098 790 1174 de
817 1098 1043 1175 exstruendis
1070 1104 1181 1175 muris
1207 1103 1313 1202 (²⁸⁸);
1348 1106 1428 1205 ipse
1454 1106 1497 1177 iis
1522 1103 1734 1205 praeficitur
1758 1135 1873 1217 τειχο·
1969 1120 1991 1151 ’·

193 1210 202 1233 “
294 1221 395 1322 ποιός,
424 1226 587 1335 ipdeque
613 1231 817 1303 maximam
832 1226 985 1328 gloriam
1013 1229 1063 1301 ob
1089 1227 1375 1304 munificentiam
1402 1256 1504 1304 suam
1530 1236 1683 1334 accepit.

1026 1460 1062 1564 ς.
1075 1463 1137 1535 20.

361 1598 365 1607 ’
433 1613 530 1687 Hinc
562 1604 726 1715 apparet,
763 1610 1006 1687 Athenienses
1040 1616 1152 1687 muris
1184 1612 1330 1688 reiectis
1363 1618 1485 1718 primo
1520 1640 1672 1719 quoqne
1704 1631 1873 1718 tempore
1995 1602 2007 1697 f

294 1740 398 1817 datae
420 1743 605 1815 occasioni
620 1734 798 1842 Philippo
818 1736 1039 1833 obluctandi
1050 1766 1127 1814 non
1147 1737 1272 1816 deesse
1290 1740 1463 1833 voluisse,
1493 1758 1602 1845 atque
1619 1742 1873 1819 Demosthene
1919 1782 1941 1809 -s

294 1882 456 1960 auctore,
492 1860 656 1969 qhamvis
681 1865 877 1969 Philippus
904 1870 947 1940 iis
974 1883 1167 1969 tantopere
1192 1871 1430 1970 pepercisset,
1466 1885 1587 1943 tamen
1614 1867 1742 1944 eadem
1767 1873 1873 1972 sequi

293 2021 388 2099 quae
415 2010 534 2085 antea,
564 2021 675 2096 quam
701 1991 805 2069 clade
828 1992 994 2067 nondum
1016 1997 1191 2096 prostrati
1209 2011 1341 2069 essent.
1379 1993 1468 2068 Non
1488 1995 1662 2070 traditum
1679 1996 1870 2087 habemus,

264 2196 268 2203 ,
294 2120 384 2223 quid
400 2118 595 2221 Philippus
622 2116 669 2195 de
695 2119 768 2194 hoc
784 2119 1064 2196 Atheniensium
1087 2118 1209 2195 studio
1233 2123 1398 2212 senserit,
1429 2120 1530 2223 quod
1550 2123 1675 2223 lugere
1694 2148 1778 2197 eum
1796 2148 1874 2196 non

292 2250 436 2350 potuit;
468 2262 592 2320 tamen
624 2263 726 2321 certo
759 2272 804 2320 ex
828 2246 1115 2321 Atheniensibus
1143 2254 1355 2350 quicunque
1381 2247 1484 2323 bello
1510 2248 1664 2323 liberam
1691 2252 1874 2325 civitatem

291 2373 534 2464 laetabantur,
563 2376 660 2446 anxii
686 2398 733 2447 ne
760 2372 882 2447 denuo
902 2362 1069 2476 Philippi
1094 2378 1147 2448 ira
1174 2379 1403 2468 excitaretur,
1433 2400 1538 2477 aegre
1565 2375 1744 2450 ferebant.
1775 2375 1874 2449 Tum

294 2499 502 2603 Ctesiphon
532 2525 708 2574 coronam
740 2525 887 2574 auream
917 2504 1055 2602 magnis
1084 2500 1273 2605 Dionysiis
1304 2500 1604 2605 proclamandam
1628 2502 1874 2577 Demostheni

293 2630 443 2729 rogarit.
485 2624 712 2701 Adversariis
739 2629 816 2698 eius
842 2624 929 2699 huic
954 2629 1137 2727 rogationi
1163 2627 1366 2701 obsistendi
1391 2632 1492 2703 bona
1518 2628 1744 2703 offerebatur
1767 2654 1872 2704 occa-

292 2756 362 2843 sio,
397 2777 480 2833 cum
505 2750 775 2824 Demosthenes
806 2749 974 2825 nondum
999 2756 1179 2826 rationem
1205 2750 1365 2826 dedisset
1391 2751 1437 2827 de
1463 2753 1574 2827 rebus
1600 2751 1870 2844 administratis,

292 2904 334 2952 ac
350 2876 492 2977 legibus
509 2879 662 2952 vetitum
680 2891 774 2950 esset
790 2879 830 2949 in
845 2875 989 2952 theatro
1008 2902 1184 2952 coronam
1201 2877 1434 2981 proclamari,
1455 2884 1609 2982 ipseque
1625 2905 1714 2954 vero
1731 2880 1873 2955 Demo·

292 3004 439 3079 sthenes
465 3028 543 3076 non
568 3003 665 3076 bene
690 3002 917 3105 reipublicae
944 3004 1198 3077 consuluisset.
1239 3004 1441 3080 Aeschines
1467 3009 1588 3106 igitur,
1619 3005 1722 3108 quod
1745 3024 1873 3082 contra

291 3133 391 3233 leges
416 3145 591 3232 rogasset,
622 3127 905 3231 Ctesiphontem
931 3132 1124 3204 accusavit.
1166 3127 1254 3203 Non
1273 3145 1429 3221 constat,
1458 3134 1523 3233 qui
1550 3137 1740 3206 sexennis
1766 3158 1871 3235 prae·

291 3261 465 3336 termissis
492 3255 640 3331 demum
662 3281 768 3330 causa
794 3255 886 3365 haec
912 3254 1064 3330 iudicari
1089 3259 1266 3358 potuerit.
1300 3252 1418 3330 Paulo
1436 3275 1522 3360 post
1538 3261 1767 3360 rogationem
1785 3257 1872 3334 Cte-

292 3385 474 3488 siphontis
498 3382 694 3486 Philippus
721 3380 915 3474 occiditur,
945 3399 1141 3457 auctumno
1170 3409 1202 3456 a.
1219 3384 1308 3475 336,
1336 3386 1442 3457 initio
1462 3388 1548 3459 anni
1565 3383 1787 3488 Pythodemi
1805 3383 1869 3461 Ol.

296 3516 382 3603 111,
401 3515 431 3583 1.
467 3509 738 3585 Demosthenes
765 3507 897 3611 gaudio
924 3534 1128 3611 magnaque
1154 3535 1220 3612 spe
1245 3508 1378 3611 plenus
1397 3527 1562 3585 senatum
1580 3514 1618 3583 in
1635 3516 1872 3615 vituperatio·

293 3664 378 3714 nem
404 3635 652 3712 Macedonum
682 3634 846 3727 adduxit,
883 3633 984 3737 quod
1011 3636 1184 3711 sacrificia
1210 3635 1296 3711 laeti
1321 3640 1446 3711 nuncii
1471 3640 1640 3729 instituit,
1674 3655 1873 3741 postquam

292 3765 405 3869 paulo
432 3780 516 3840 ante
543 3789 673 3838 aureae
700 3788 859 3838 coronae
876 3761 1054 3866 Philippo
1075 3763 1120 3837 ab
1138 3762 1418 3839 Atheniensium
1436 3767 1579 3839 civitate
1596 3762 1752 3841 traditae
1770 3782 1873 3841 erant

294 3880 424 3992 (Diod.
440 3890 544 3967 XVI.
560 3893 637 3990 92).
665 3891 756 3964 Mox
782 3889 941 3965 defectio
969 3889 1247 3981 Thebanorum,
1276 3890 1556 3965 Atheniensium
1582 3918 1716 3996 anceps
1742 3892 1871 3996 agendi

292 4023 387 4094 ratio
400 4020 501 4116 (²⁸⁹);
530 4014 664 4091 deinde
679 4018 820 4093 Thebis
837 4021 1021 4093 exstinctis
1039 4017 1284 4120 expostulatio
1297 4017 1559 4093 Demosthenis
1577 4036 1614 4093 et
1631 4019 1799 4109 aliorum,
1825 4019 1871 4093 de

197 4238 202 4245 ¹
237 4183 247 4192 -
294 4148 428 4251 quibus
455 4141 665 4247 synedrium
683 4143 911 4218 Graecorum
929 4143 1100 4220 Corinthi
1125 4143 1313 4237 iudicaret,
1342 4143 1617 4248 Alexandrique
1642 4170 1712 4247 per
1733 4144 1870 4221 Dema-

293 4273 378 4350 dem
404 4269 656 4348 reconciliatio
681 4272 780 4371 (²⁹⁰).
831 4268 1002 4346 Phocion
1032 4275 1143 4365 enim,
1180 4299 1278 4365 cum,
1313 4287 1355 4344 ut
1379 4271 1479 4347 ultro
1505 4287 1663 4345 mortem
1689 4274 1867 4365 subirent,

335 4571 405 4655 (²⁸⁰)
436 4572 541 4635 Aesch.
556 4573 586 4632 in
602 4569 681 4633 Ctes.
697 4570 782 4655 pst.
794 4571 844 4633 36.
865 4572 933 4633 ride
947 4572 1095 4655 Droysen.
1110 4573 1186 4655 p.19
1197 4594 1259 4653 sqq.

335 4687 405 4770 (²⁸⁹)
436 4690 596 4755 Auctorem
623 4691 706 4752 huius
734 4690 906 4753 defectionis
933 4690 1019 4753 fuisse
1040 4691 1268 4754 Demosthenem
1289 4711 1305 4751 a
1325 4690 1421 4752 Persis
1443 4703 1612 4773 corruptius
1632 4690 1749 4753 uadunt
1768 4691 1868 4754 lustin.

292 4791 345 4853 xl.
360 4791 390 4850 2.
412 4789 526 4852 Ari-ian.
542 4793 632 4853 1.10.
653 4792 744 4855 Diod.
759 4792 852 4853 xvlt
868 4791 898 4852 4.

335 4905 406 4990 (²⁹⁰)
437 4907 527 4970 Diod.
541 4911 636 4971 XVII.
652 4933 678 4973 c.
691 4910 709 4972 8
724 4924 780 4974 cet.
802 4911 943 4994 imprimis
965 4911 1053 4974 c.15.
1072 4910 1184 4988 ‚Aesch
1204 4910 1235 4972 in
1254 4908 1334 4974 Ctes.
1354 4909 1439 4993 pas.
1466 4911 1542 4973 Plnt.
1561 4910 1647 4975 Dem.
1667 4911 1754 4974 ess.
