4636 5940
1057 407 1113 500 67

298 610 431 680 mirum
457 628 545 706 ergo
562 600 739 706 Philippo
765 606 842 703 regi
867 599 1164 704 splendidissimo
1189 600 1287 676 haud
1310 605 1417 676 nimis
1435 602 1558 696 alieni,
1586 604 1761 680 Aeschini
1777 607 1875 685 faro·

297 734 387 807 bant
413 757 454 806 ac
481 729 689 822 studebant,
719 726 757 803 id
785 727 887 832 quod
914 733 952 803 in
978 727 1199 803 instituenda
1224 728 1293 804 hac
1319 754 1426 805 causa
1451 733 1651 834 apparebat
1669 734 1768 833 (²³⁷).
1801 735 1874 809 Ae·

297 857 441 934 schines
473 863 511 933 in
541 857 615 931 fine
647 881 733 931 suae
767 859 943 932 orationis
974 878 1150 930 coronam
1177 854 1403 950 cohortatur,
1434 873 1482 932 tut
1506 874 1671 934 tueretur
1697 884 1775 951 eos,
1812 864 1876 964 qui

297 1010 367 1088 pro
394 1009 483 1088 pace
509 1011 551 1059 ac
578 982 694 1058 salute
720 999 937 1087 pugnarent,
967 999 1004 1058 et
1028 982 1132 1058 illico
1149 981 1344 1060 advocatos
1362 1008 1447 1058 suos
1468 1000 1659 1087 provocat,
1682 991 1781 1063 viros
1798 1013 1873 1063 me·

298 1111 449 1188 hercule
475 1135 552 1185 non
577 1108 761 1212 indignos,
790 1135 918 1185 verum
944 1109 1168 1212 reipublicae
1194 1109 1391 1202 studiosos,
1426 1113 1615 1187 Eubulum
1641 1139 1763 1188 rerum
1789 1117 1874 1190 ciri·

296 1238 386 1312 lium
412 1241 685 1341 peritissimum,
706 1235 1193 1312 Phocionemclarissimum
1211 1235 1355 1329 ducem,
1376 1236 1583 1331 Nausiclem
1602 1244 1870 1332 amicissimum,

296 1364 453 1441 eundem
479 1365 610 1466 procul
639 1363 754 1439 dubio
783 1362 914 1438 ducem
938 1362 1219 1438 Atheniensium
1250 1363 1335 1465 plus
1362 1364 1475 1439 semel
1501 1391 1522 1438 a
1548 1365 1692 1468 populo
1719 1392 1873 1441 corona·

295 1509 387 1566 tum.
427 1492 557 1594 Itaque
583 1495 715 1566 iterum
741 1489 941 1566 Aeschines
965 1490 1172 1594 periculum
1199 1489 1340 1591 effugit.

1023 1720 1060 1821 g.
1080 1721 1139 1792 rs.

433 1873 606 1946 Attamen
632 1875 792 1974 suspicio
820 1887 857 1946 et
883 1873 1154 1945 criminationes
1176 1875 1422 1973 corruptionis
1442 1870 1737 1975 proditionisque
1756 1873 1872 1949 Athe·

294 2002 350 2071 nis
371 2024 447 2073 non
475 2001 657 2076 tacebant.
701 1997 832 2073 Statim
860 2001 957 2071 enim
984 1997 1127 2100 aliquot
1152 1999 1338 2073 mensibus
1362 2014 1448 2101 post
1474 2015 1602 2075 auctor
1627 2003 1804 2076 orationis
1824 1999 1872 2076 de
1970 1998 1976 2019 ¹

294 2125 508 2201 Halonncso
545 2124 668 2200 denuo
704 2128 743 2198 in
777 2128 872 2200 cives
907 2124 1119 2228 proditores
1153 2128 1373 2202 amarissime
1408 2125 1611 2219 invehitur,
1648 2130 1873 2230 exprobrans

293 2252 593 2342 Atheniensibus,
618 2249 719 2353 quod
741 2275 806 2326 eos
828 2255 892 2354 qui
909 2250 1087 2354 Philippo
1106 2250 1278 2327 benevoli
1297 2269 1430 2342 essent,
1454 2278 1530 2326 non
1550 2252 1768 2328 mulctarent
1776 2256 1873 2353 (²³⁸).

293 2376 426 2478 Neque
454 2381 623 2479 iniquum
650 2376 771 2452 iacere
802 2376 932 2453 videor
961 2381 992 2452 si
1015 2376 1277 2453 Demosthenis
1304 2403 1394 2479 quas
1420 2402 1508 2451 mox
1533 2376 1662 2451 habuit
1688 2383 1872 2455 orationes

292 2508 342 2577 ita
355 2502 601 2605 perlustrabo,
624 2508 872 2596 ouationem,
896 2529 969 2607 qua
984 2502 1208 2579 adversarios
1222 2507 1367 2605 insequi
1379 2519 1520 2606 pergat,
1545 2507 1749 2606 respiciam.
1778 2503 1870 2579 Pro·

293 2635 387 2703 xima
412 2646 499 2730 post
524 2629 624 2703 illam
646 2626 717 2737 aspi
735 2619 1008 2736 παραπρεσβείας
1027 2630 1190 2702 habitam
1209 2655 1251 2703 ca
1269 2645 1432 2730 putatur,
1458 2654 1552 2731 quae
1572 2656 1630 2705 res
1650 2629 1872 2707 Chersonesi
1927 2621 1932 2633 “

291 2771 439 2846 tractat,
476 2782 510 2829 a.
527 2756 601 2830 342
632 2772 787 2831 exeunte
822 2771 923 2829 orata
949 2757 1050 2854 (²³⁹).
1099 2753 1317 2830 Cautissime
1348 2759 1386 2830 in
1417 2755 1486 2829 hac
1512 2781 1569 2830 res
1595 2757 1762 2859 publicas
1786 2783 1871 2860 per-

332 3064 403 3144 (⁹³⁷)
434 3067 520 3128 Dem.
534 3091 566 3124 π.
580 3090 704 3151 παραπρ.
718 3066 796 3125 init:
813 3058 887 3134 Ὀση
908 3056 967 3133 niu,
988 3055 1177 3133 sloh’ASuv„
1198 3059 1309 3133 σπουδὴ
1323 3056 1383 3149 trapi
1398 3057 1503 3123 τουτονὶ
1518 3063 1565 3123 riv
1578 3063 1680 3142 ἀγῶνα
1692 3059 1741 3124 καὶ
1754 3090 1870 3151 παραγ-

291 3163 376 3248 γελία
396 3160 514 3244 γέγονε,
540 3161 651 3242 σχεδὸν
678 3152 752 3232 οἶμαι
777 3153 890 3222 πάντας
915 3160 990 3229 ὑμᾶς
1015 3157 1175 3238 ᾐσθῆσθαι
1201 3152 1359 3245 ἑωρακότας
1383 3152 1449 3246 ἄρτι
1470 3159 1538 3224 roric
1563 3156 1609 3222 irs
1628 3163 1805 3249 ἐκληροῦοθε
1827 3167 1870 3225 lv·

291 3269 454 3346 οχλοῦνπας
474 3256 522 3322 καὶ
543 3251 704 3349 προςιόνπας
724 3260 796 3332 sireis.

333 3380 403 3464 (²³⁶)
436 3383 473 3444 de
494 3382 621 3444 Halonn.
643 3404 672 3463 p.
681 3380 721 3442 80
735 3379 783 3441 fin.
822 3379 982 3461 Praecipue
1009 3378 1039 3440 in
1066 3379 1123 3440 line
1150 3379 1178 3439 h.
1200 3390 1272 3441 orat
1299 3377 1492 3442 ferocioribus
1518 3379 1615 3442 verbis
1640 3402 1718 3444 usus:
1751 3378 1810 3444 ὅσοι
1837 3380 1868 3443 δ’

289 3483 438 3556 Ἀθηναῖοι
459 3472 537 3546 ὅντες
556 3479 593 3555 μὴ
614 3486 651 3562 τῇ
668 3474 779 3563 πατρίδι
800 3475 878 3540 ἄλλα
895 3474 1022 3558 Φιλίππῳ
1045 3467 1153 3540 εὔνοιαν
1173 3474 1372 3551 ἐνδεᾶευνποα,
1391 3472 1519 3567 προςήκει
1534 3479 1638 3548 adrosis
1652 3482 1708 3561 ὑφ’
1724 3484 1799 3555 ὑμῶν
1816 3511 1869 3545 κα-

289 3582 357 3648 uotis
381 3588 477 3649 nausis
502 3575 693 3652 ἆπολωλῖναι,
719 3574 793 3669 εἴπερ
820 3580 898 3650 ὑμεῖς
923 3577 971 3640 riv
996 3570 1158 3661 ἐγκέφαλον
1183 3582 1211 3641 ἔν
1237 3584 1294 3643 τοῖς
1314 3572 1466 3668 κροτάφοις
1484 3575 1533 3642 καὶ
1554 3578 1590 3655 μὴ
1612 3584 1640 3641 ἰν
1660 3587 1723 3647 ταῖς
1742 3575 1869 3671 ππῖρναις

289 3678 556 3758 καταπεπατημὲνον
575 3686 693 3770 φορεῖτε.

332 3802 403 3885 (²³⁹)
435 3802 565 3866 Clinton.
587 3802 620 3863 P.
635 3802 674 3862 H.
695 3799 802 3885 p.155.
823 3801 1045 3864 Zimmermann.
1060 3801 1080 3862 l.
1092 3800 1112 3863 l.
1131 3801 1209 3884 p.95
1224 3824 1266 3882 sq.
1287 3802 1433 3886 Droysen.
1454 3802 1530 3886 psa
1545 3825 1588 3884 sq.
1609 3801 1682 3866 banc
1705 3805 1867 3867 orationem

291 3929 360 3970 vere
382 3904 545 3969 ΟΙ.109.3
567 3904 659 3984 (inter
671 3901 805 3986 Aprilem
826 3913 857 3964 et
876 3901 989 3964 lunium
1010 3924 1048 3963 m.
1066 3901 1180 3981 2341)
1199 3900 1324 3964 habitam
1344 3903 1457 3981 volunt,
1478 3904 1633 3986 praecipue
1656 3925 1718 3966 eam
1739 3903 1778 3965 ob
1800 3924 1867 3966 can·

290 4029 363 4084 sarn,
390 4007 470 4088 qnod
490 4005 641 4087 Philippus
668 4003 775 4085 (psa)
802 4003 903 4065 etesias
930 4003 995 4084 (qni
1015 4002 1092 4065 lulio
1113 4024 1211 4065 mense
1232 4004 1356 4085 spirant)
1383 4017 1549 4086 exspectans
1571 4004 1692 4066 dicatur.
1723 4003 1765 4065 At
1784 4004 1869 4089 ponit

289 4121 413 4185 tanturn,
440 4130 505 4171 cum
532 4105 683 4188 Philippus
710 4105 849 4166 maiorem
876 4104 1033 4165 exercitum
1059 4104 1250 4180 contraxerit,
1282 4105 1345 4166 fieri
1373 4127 1458 4186 posse
1483 4115 1517 4165 ut
1540 4105 1710 4186 Byzantium
1737 4102 1868 4180 infestet,

290 4223 320 4270 et
345 4206 480 4291 Diopithi
508 4207 613 4269 auxilio
640 4203 741 4267 venire
767 4201 956 4288 impediatur,
982 4203 1125 4285 siqnidem
1151 4202 1257 4265 diutius
1283 4205 1408 4268 emetati
1434 4203 1543 4268 luerint
1562 4205 1754 4269 Atheniemes
1778 4226 1867 4286 usque

290 4309 357 4369 dum
379 4309 531 4370 etesiarum
550 4319 663 4389 tempus
684 4306 807 4368 venerit
838 4300 938 4385 Itaque
959 4302 1030 4366 haec
1051 4327 1111 4367 non
1133 4317 1251 4390 cogunt,
1272 4304 1435 4368 orationem
1456 4307 1487 4367 in
1504 4320 1562 4367 tam
1581 4306 1671 4369 breve
1685 4319 1750 4367 ante
1765 4306 1867 4367 etesias

289 4422 403 4489 ternpus
429 4407 594 4483 includere,
620 4407 671 4468 sed
698 4407 784 4469 etiam
808 4405 921 4491 longius
949 4406 1025 4467 licet
1061 4404 1159 4467 Verba
1184 4429 1213 4490 p.
1226 4404 1265 4466 94
1287 4418 1317 4468 et
1338 4429 1366 4488 p.
1378 4408 1440 4468 100
1465 4407 1575 4488 pariter
1600 4405 1724 4466 hiemem
1745 4415 1866 4466 amntem

290 4521 375 4589 atque
397 4507 548 4568 imminem
569 4528 621 4569 ser
641 4507 810 4590 praeierunt
830 4507 882 4585 (ne
901 4514 933 4568 te
952 4514 1055 4590 urgeat
1068 4502 1219 4588 fflpianm,
1240 4507 1289 4588 qui
1311 4506 1427 4589 quidem
1448 4507 1544 4568 etesiis
1565 4504 1797 4566 commemoratis
1817 4526 1865 4567 ca-

289 4624 354 4693 ptus
376 4605 424 4680 riv
445 4607 579 4666 ἐπιοῦσαν
601 4601 673 4693 ὥραν
693 4610 745 4669 τοῦ
764 4600 855 4670 ἔθους
875 4607 1081 4690 interpretriur
1100 4599 1300 4692 τοῦθέρους).
1334 4606 1417 4683 Quae
1437 4627 1509 4668 vero
1531 4605 1676 4681 evincunt,
1702 4616 1768 4667 anie
1788 4606 1868 4670 veris

289 4710 403 4771 initium
424 4708 586 4770 orationem
607 4708 731 4769 habitam
753 4730 825 4784 csse,
847 4728 880 4769 ea
900 4721 967 4770 stmt
985 4707 1074 4770 verba
1092 4705 1245 4769 Aeschinis
1265 4707 1296 4768 in
1311 4706 1391 4770 Ctes.
1406 4729 1435 4790 p.
1443 4707 1491 4767 66.
1503 4707 1546 4766 20
1557 4724 1621 4787 sqq.
1643 4725 1716 4786 quae
1737 4706 1807 4769 iacit
1827 4708 1866 4769 de

289 4810 379 4891 pactis
401 4805 512 4870 Calliae
533 4805 731 4872 Chalcidensis
757 4819 789 4872 et
807 4809 1023 4873 Demosthenis.
1059 4809 1143 4871 Dicit
1167 4808 1245 4870 eninr
1271 4830 1301 4891 p.
1313 4805 1363 4868 67.
1376 4807 1418 4868 34
1444 4828 1460 4868 e
1481 4806 1688 4869 Demosthenis
1712 4808 1864 4884 sentenu'a,

289 4911 395 4972 milites
415 4930 481 4971 curn
501 4907 624 4992 pecunia
645 4928 680 4972 ex
699 4906 906 4992 Peloponneso
923 4908 1051 4974 Athenas
1072 4922 1268 4973 conventuros
1287 4928 1349 4970 esse
1371 4908 1402 4968 in
1421 4908 1461 4970 16
1480 4906 1723 4972 Anthesteriouis.
1754 4908 1864 4971 Veron

1521 5014 1581 5088 12
