4636 5940
241 1238 411 1408 Cicero
432 1326 480 1403 de
502 1344 581 1430 opt.
599 1352 682 1430 gen.
700 1344 793 1402 orat.
810 1330 933 1402 initio:
961 1324 1166 1430 „Optimus
1187 1344 1241 1403 est
1260 1343 1399 1419 orator,
1419 1330 1552 1431 inquit,
1576 1334 1640 1433 qui
1659 1328 1816 1408 dicendo

239 1460 381 1532 animos
407 1453 633 1530 audientium
659 1471 696 1529 et
722 1451 833 1530 docet
859 1469 895 1529 et
918 1450 1075 1528 delectat
1095 1469 1132 1528 et
1151 1469 1356 1557 permovet.
1391 1452 1540 1530 Docere
1561 1454 1726 1533 debitum
1747 1474 1814 1549 cst,

239 1580 422 1658 delectare
448 1570 701 1673 honorarium,
729 1605 945 1684 permovere
965 1579 1249 1655 necessarium'’.
1290 1577 1403 1674 Quod
1423 1583 1454 1655 si
1473 1583 1583 1684 igitur
1600 1608 1818 1685 permovere

239 1711 483 1787 necessarium
510 1723 582 1799 est,
618 1711 757 1783 oratori
782 1706 928 1799 licebit,
961 1709 1074 1780 immo
1100 1709 1224 1809 potius
1251 1731 1344 1810 opus
1371 1709 1440 1781 erit
1466 1731 1617 1810 operam
1642 1707 1748 1802 dare,
1776 1727 1819 1784 ut

238 1838 400 1911 inveniat
436 1851 473 1908 et
508 1836 675 1936 exquirat
709 1857 949 1937 quaecunque
984 1830 1030 1906 ad
1062 1830 1332 1936 permovendos
1364 1857 1440 1936 quo
1473 1834 1562 1909 velit
1593 1834 1818 1911 audientium

239 1965 381 2036 animos
410 1959 586 2063 prodesse
616 1962 772 2063 possint.
818 1960 963 2062 Itaque,
997 1961 1173 2063 quoniam
1198 1984 1255 2034 res
1281 1957 1460 2034 humanae
1491 1964 1530 2035 in
1560 1965 1666 2064 peius
1690 1978 1814 2054 ruunt,

238 2113 287 2162 ne
313 2091 500 2179 miremur,
536 2102 699 2162 oratores
729 2087 943 2190 praesertim
972 2082 1045 2160 illis
1073 2086 1317 2189 temporibus,
1353 2087 1487 2189 quibus
1513 2089 1674 2164 civitates
1701 2086 1816 2163 Grae·

239 2219 316 2288 ciac
342 2212 387 2287 ad
414 2240 524 2287 unam
551 2238 679 2289 omnes
704 2216 941 2315 perversitate
967 2237 1113 2287 morum
1139 2229 1175 2287 et
1194 2238 1317 2288 rerum
1338 2213 1517 2315 reliquam
1537 2213 1716 2289 libertatis
1737 2240 1815 2288 um·

237 2341 342 2413 hram
363 2337 596 2413 dimittebant
614 2335 936 2438 Macedonumque
962 2340 1168 2411 auctoritati
1195 2337 1377 2413 obnoxiae
1403 2363 1481 2412 esse
1507 2344 1734 2439 inceperant,
1759 2356 1817 2413 tot

239 2465 399 2540 artificiis
430 2490 472 2538 ac
503 2462 655 2539 fallaciis
681 2466 858 2565 consequi
884 2457 1083 2552 studuisse,
1119 2459 1220 2563 quod
1247 2464 1455 2536 inconstans
1481 2460 1816 2565 blanditiarumque

240 2606 417 2694 appetens
444 2616 554 2692 quem
580 2586 764 2664 ducebant
787 2587 950 2690 populus
975 2602 1016 2660 ut
1040 2586 1191 2676 faceret,
1227 2589 1302 2661 sive
1326 2590 1490 2690 ipsorum
1516 2586 1715 2663 commodo
1742 2592 1817 2665 sive

237 2720 378 2820 patriae
398 2715 513 2791 salute
534 2718 671 2792 incensi
691 2712 884 2790 volebant:
913 2727 1041 2787 contra
1061 2711 1122 2787 vel
1142 2714 1288 2787 maximi
1310 2715 1465 2788 oratoris
1486 2729 1554 2805 cst,
1578 2718 1699 2789 omnia
1723 2741 1816 2819 quae

239 2842 396 2918 consilio
422 2867 490 2916 suo
516 2845 650 2916 servire
674 2842 818 2944 possint
842 2855 1066 2941 argumenta,
1095 2853 1205 2941 atque
1231 2836 1329 2914 haud
1352 2864 1436 2914 raro
1458 2837 1702 2934 callidissime,
1731 2867 1818 2918 suae

237 2973 372 3045 rationi
395 2965 632 3070 adstringere.
672 2965 792 3070 idque
819 2969 940 3068 ipsum
965 2981 1021 3040 est
1045 2990 1110 3039 cur
1136 2962 1338 3041 cavendum
1364 2970 1423 3058 sit,
1453 2991 1500 3041 ne
1525 2985 1712 3043 oratorum
1735 2994 1815 3043 ver·

238 3098 296 3170 bis
327 3112 365 3170 et
395 3097 616 3197 argumentis
646 3110 783 3167 temere
814 3089 925 3165 fidem
952 3088 1163 3164 habeamus.
1207 3088 1440 3192 Quamqflam
1466 3109 1552 3165 sunt
1578 3092 1728 3193 quidem
1752 3093 1815 3168 ad·

237 3221 312 3296 huc
339 3225 403 3322 qui
427 3221 539 3295 verba
558 3215 819 3289 Demosthenis
844 3230 886 3287 ut
912 3216 1110 3303 iustissimi,
1139 3211 1399 3305 honestissimi,
1428 3215 1474 3288 ab
1496 3219 1598 3291 omni
1618 3217 1817 3320 cupiditate

237 3348 484 3433 remotissimi,
513 3343 732 3416 veracissimi
758 3342 956 3441 accipiant;
985 3362 1189 3441 quaerero
1215 3341 1261 3414 ab
1288 3338 1367 3414 aliis
1392 3341 1468 3415 sive
1490 3338 1536 3416 de
1558 3346 1722 3419 moribus
1742 3349 1818 3421 sive

240 3470 287 3546 de
312 3473 454 3544 ratione
481 3470 663 3542 civitatem
687 3462 838 3568 regendi
862 3481 989 3539 contra
1007 3463 1299 3539 Demosthenem
1324 3463 1421 3541 dicta
1446 3483 1483 3543 et
1508 3465 1691 3573 disputata
1716 3490 1814 3566 sunt,

239 3597 332 3671 haec
358 3611 399 3669 ut
424 3593 612 3667 falsissima
640 3616 685 3666 ex
716 3592 939 3666 nefariorum
965 3587 1255 3666 adversariorum
1286 3590 1419 3668 invidia
1447 3609 1556 3697 atque
1583 3599 1817 3701 improbitate

238 3727 279 3798 in
303 3748 387 3797 eum
413 3719 570 3795 conflata
595 3721 764 3821 protinus
787 3715 950 3793 iudicent
970 3717 1043 3815 (¹).
1086 3715 1173 3811 Quo
1200 3716 1335 3793 sactum
1363 3735 1418 3794 est
1442 3735 1483 3795 ut
1507 3718 1644 3797 iudicio
1664 3724 1815 3801 Aeschi-

238 3855 296 3925 nis
328 3847 515 3937 offecerit,
549 3842 793 3920 adversarium
825 3869 909 3919 eum
940 3845 1098 3919 maximo
1131 3847 1269 3919 oratori
1299 3846 1428 3939 fuisse3
1463 3849 1512 3920 ita
1543 3864 1586 3921 ut
1615 3848 1817 3927 Aeschines

239 3979 387 4052 nonnisi
423 3975 658 4077 pravissimus
694 3969 809 4045 homo
848 3986 959 4073 atque
998 3972 1230 4073 impiissimus
1267 3975 1405 4075 patriae
1443 3970 1615 4076 proditor
1646 4000 1665 4048 a
1701 3976 1815 4080 pluri·

238 4107 309 4177 mis
342 4105 566 4178 existimetur
595 4097 667 4193 (²).
707 4094 796 4171 Non
829 4093 980 4199 quidem
1010 4099 1041 4171 is
1073 4124 1154 4173 sum
1180 4101 1245 4201 qui
1272 4097 1512 4193 contendam,
1551 4117 1736 4177 oratorem
1763 4108 1815 4179 vi·

239 4255 323 4304 rum
359 4230 501 4302 bonum
541 4249 619 4299 esse
652 4239 846 4326 oportere,
889 4248 957 4297 nec
994 4222 1159 4299 futurum
1197 4239 1383 4300 oratorem
1420 4226 1490 4301 nisi
1523 4229 1643 4303 virum
1676 4230 1815 4305 bonum

282 4457 334 4536 (¹)
364 4458 401 4517 Α.
415 4456 455 4519 G.
473 4458 586 4519 becker
611 4457 641 4516 in
667 4456 784 4518 litterat-
805 4454 958 4517 Demosth.
979 4454 1073 4518 ubivis
1093 4455 1321 4519 Demosthenem
1342 4470 1486 4539 umquem
1507 4458 1628 4521 heroem
1649 4480 1816 4541 proponere

241 4558 327 4619 nimis
347 4556 452 4618 studet.

282 4674 333 4754 (¹)
363 4674 508 4758 Augerins
529 4677 558 4735 in
580 4696 655 4736 vers.
674 4674 826 4737 Demonh
847 4673 1021 4737 Aeschinem
1042 4673 1114 4737 dicit
1134 4677 1162 4737 le
1182 4688 1314 4739 creature
1335 4677 1373 4739 de
1393 4675 1527 4756 Philippe
1549 4674 1587 4736 Τ.
1599 4674 1637 4735 ll.
1652 4697 1681 4759 p.
1689 4677 1739 4739 st,
1761 4678 1814 4741 eir.

242 4776 369 4837 Weiske
395 4776 432 4836 de
460 4773 621 4856 hyperbole
648 4796 781 4839 errorum
808 4775 839 4836 in
865 4774 985 4839 historia
1009 4774 1139 4858 Philippi
1165 4777 1384 4840 commissormn
1409 4774 1568 4859 genitrice,
1595 4776 1705 4840 blisense
1724 4778 1814 4841 1819.

241 4874 409 4937 Rlnss.

1501 4981 1537 5056 A
